2814 4792
229 215 373 285 CAPUT
392 215 552 284 ttxvm
575 217 628 299 (Δ.
646 216 689 283 ll.
710 217 782 284 811.
803 216 843 284 Δ.
865 213 903 281 G.
924 217 995 300 ol.)
1156 218 1219 284 m

34 387 224 466 voment,
245 384 394 450 eiusdem
414 386 577 469 pecuniae
596 385 783 468 periculum
803 385 963 464 nume,
984 387 1080 450 cuiue
1101 387 1139 466 ii,
1161 389 1218 472 qni
1265 432 1267 444 .

34 471 242 554 Imperatorem
271 469 501 613 appellavere:
533 485 610 530 nem
641 476 739 531 antee
767 483 909 530 vacuum
944 467 980 531 id
1008 471 1219 556 solutumque

34 573 114 636 paena
132 557 249 617 fueret.
318 555 374 616 ine
404 555 483 616 anni
503 551 626 614 Vibius
647 547 815 615 Secundus
836 549 944 636 Eques
965 551 1131 616 Romanus
1164 573 1218 618 ec-

36 635 195 700 enantibus
216 633 347 700 Mauris
369 633 634 718 repetundarum
653 632 832 698 damnatur
864 643 962 718 atque
989 633 1085 700 ltalia
1116 639 1218 724 exigi-

35 730 84 820 tur,
100 742 138 785 ue
156 721 314 807 graviore
341 739 448 803 poena
466 721 672 798 efficeretur,
702 717 799 782 Vibii
819 717 929 802 Crispi
956 719 1074 784 teutria
1101 722 1219 804 opibus

36 823 128 869 ansae

84 925 104 978 l.
122 919 237 976 canitia
251 901 402 990 prdetarue
420 952 454 964 -
470 917 666 988 praeficiendo,
686 921 723 978 ci.
743 919 780 975 ed
797 923 824 990 1,
842 921 930 988 11,1.
950 927 981 976 et
999 919 1079 976 Suet.
1098 921 1167 980 Ner.
1175 924 1218 982 15.
1233 973 1237 984 .

37 1025 56 1035 -
72 994 128 1060 prad
144 995 250 1046 acriore
267 991 366 1046 auditu
383 997 553 1058 conseruat,
572 1009 598 1048 v.
619 991 654 1046 ad
672 993 715 1056 12,
734 995 761 1055 1,
781 997 806 1048 1.
844 1007 893 1061 pso
917 992 1027 1048 acriore
1050 991 1128 1050 MSS.
1146 993 1219 1052 itud.

35 1081 89 1116 ιιι.
103 1081 143 1136 pr.
162 1063 259 1119 Gneli.
281 1063 324 1121 ed.
344 1061 420 1135 Spir.
441 1095 473 1108 -
488 1061 619 1130 Princeps
636 1063 789 1133 composuit,
808 1065 839 1118 in
857 1069 971 1119 certum
988 1067 1152 1138 iustumque
1170 1084 1219 1122 on·

35 1133 108 1190 dinem
122 1137 241 1212 redegit.
262 1135 307 1192 Gi.
326 1135 361 1190 ad
380 1137 499 1202 1‚1,s.
520 1163 552 1174 -
571 1131 718 1204 Auxitque,
737 1153 766 1190 v.
786 1135 821 1190 ed
838 1137 865 1202 2,
883 1137 929 1204 31,
950 1141 976 1192 1.
1012 1137 1141 1208 iussitque
1158 1136 1217 1199 MS.

35 1207 86 1264 itai.
109 1241 136 1251 -
154 1207 304 1274 statuendo,
328 1213 368 1272 ast,
393 1205 440 1275 pui
465 1222 484 1260 o
502 1205 621 1274 privatio
637 1205 773 1260 iudicibus
797 1205 836 1260 nd
851 1214 969 1260 senatum
984 1209 1217 1278 provocaoieseut,

35 1278 121 1332 ciuus
141 1279 273 1348 pecuniae
294 1275 480 1350 (perdendae)
503 1277 649 1344 periculum
676 1279 809 1345 facerent,
837 1278 912 1332 cuius
935 1277 959 1330 ii
979 1312 1010 1323 -
1029 1280 1130 1345 fuerat.
1175 1280 1218 1337 De

34 1347 67 1401 bis
80 1349 313 1420 appellationibus
340 1370 368 1405 v.
386 1349 466 1422 Lips.
491 1350 562 1404 Exo.
583 1348 641 1402 111.
667 1349 703 1403 ad
726 1347 795 1404 Tae.
820 1348 895 1404 Anu.
913 1347 985 1406 xit.
1015 1357 1044 1406 et
1061 1351 1141 1410 Brut.
1167 1353 1218 1425 qui

35 1418 86 1474 baec
100 1422 259 1476 annotavit:
278 1420 390 1488 „Olim,
409 1439 498 1492 quum
516 1423 632 1496 vigeret
649 1420 779 1487 libertas,
799 1439 816 1474 a
833 1422 1007 1500 magistratu
1025 1420 1059 1476 ad
1076 1423 1218 1496 populum

35 1493 76 1544 init
89 1493 264 1563 provocatio:
282 1500 382 1564 postea
400 1492 580 1564 appellatum
598 1499 642 1546 est
660 1492 696 1546 ed
715 1491 891 1564 Principem,
919 1493 969 1565 qui
989 1511 1099 1548 summa
1117 1513 1218 1557 rerum

35 1565 175 1632 potiebatur.
210 1563 360 1648 Augustus
379 1563 576 1632 appellationes
594 1565 735 1632 quotannis
752 1565 909 1618 urbanorum
928 1565 1029 1634 quidem
1048 1565 1219 1632 litigatorum

33 1635 126 1702 praetori
141 1637 280 1702 detegant
296 1636 408 1702 urbano,
427 1641 457 1689 nt
473 1635 680 1702 provincialium
698 1635 884 1689 consularibus
900 1636 980 1704 uiris,
1007 1653 1072 1708 puae
1094 1637 1219 1704 cingulos

34 1707 130 1775 caiusque
148 1707 306 1776 prouinciae
329 1705 449 1772 negotiis
470 1705 675 1774 praeposuisset.
717 1705 763 1760 Ita
790 1705 869 1775 Suet.
895 1705 954 1760 Oct.
980 1723 1005 1764 c.
1025 1711 1070 1764 33.
1104 1709 1163 1763 Bes
1183 1709 1216 1764 G.
1252 1762 1259 1770 ,

35 1775 139 1854 Caligula
155 1781 191 1836 bl.
212 1777 312 1834 Sileno
331 1776 491 1855 delegabat,
510 1778 592 1832 enine
611 1785 691 1832 tants
711 1786 773 1833 eret
792 1777 967 1854 integritatis
986 1779 1098 1849 opinio,
1115 1789 1148 1834 ut
1165 1778 1218 1833 Ti-

33 1847 105 1903 berius
127 1852 299 1905 sententiam
323 1849 358 1904 de
383 1867 475 1917 causa,
503 1851 536 1903 in
560 1865 617 1920 qua
640 1867 655 1902 a
680 1847 780 1904 Silano
805 1851 882 1902 iacta
908 1851 1014 1903 inisset
1039 1851 1218 1922 provocatio,

34 1923 92 1976 ferre
105 1939 248 1994 nunquam
266 1921 403 1978 voluerit.
424 1939 452 1978 v.
471 1921 527 1974 Dio
546 1924 590 1988 59,
610 1921 636 1977 8.
674 1919 732 1974 Sub
751 1918 867 1975 Claudii
885 1920 1054 1992 principatu
1079 1930 1108 1976 et
1124 1923 1219 1976 Nero·

34 1993 66 2045 nie
80 1994 160 2048 initiis
178 1993 377 2048 invalescente
395 2001 497 2047 senatu
515 1993 609 2046 isctee
626 2009 643 2045 a
661 1989 805 2045 indicibus
829 1990 866 2045 ad
890 1999 1021 2046 senatum
1045 1993 1218 2066 appellatio-

34 2080 81 2116 nes:
101 2083 179 2136 quern
197 2065 308 2120 Puteum
325 2063 449 2118 boumn
475 2064 555 2118 ausit
572 2062 652 2117 Nero
675 2063 832 2131 statuitque,
859 2069 888 2115 ut
905 2062 938 2130 ii,
970 2063 1018 2132 qui
1039 2065 1078 2117 ad
1101 2073 1219 2120 senatum

35 2137 232 2202 paroeauiseent,
251 2135 329 2190 idem
346 2136 487 2207 pecuniae
509 2137 618 2214 pignus
643 2135 868 2206 interponerent
893 2149 926 2188 uc
944 2132 977 2198 ii,
1008 2135 1054 2204 qui
1070 2135 1218 2204 imperoto-

33 2221 70 2257 res
84 2210 254 2276 appellabant.
293 2205 373 2274 Quod
390 2213 473 2260 anteo
490 2221 600 2259 uacuum
618 2207 778 2275 solutumque
794 2221 881 2274 poeno
898 2205 997 2271 fuant.
1017 2215 1046 2261 et
1064 2208 1121 2262 tait
1137 2207 1219 2263 dein·

33 2293 89 2346 cepe,
105 2297 186 2350 quum
205 2281 371 2334 cantionem
387 2277 508 2333 sustulit
525 2275 732 2334 Diocletianus.
751 2295 779 2332 v.
800 2277 870 2332 cod.
889 2275 941 2330 lib.
959 2277 1024 2332 Vll.
1043 2279 1090 2336 tit.
1110 2281 1154 2336 oe.
1183 2277 1219 2334 de

33 2351 138 2418 appellat
155 2353 227 2429 Leg.
246 2355 272 2408 o.
309 2351 448 2406 Maiorem
472 2349 567 2404 adbuc
592 2357 708 2404 senatus
727 2351 930 2402 anctoritatem
954 2351 1029 2403 fecit
1046 2350 1219 2416 Hadrianus,

33 2437 72 2488 qno
86 2432 192 2478 sonore
211 2422 350 2490 appellari
366 2438 385 2475 u
402 2428 496 2476 senatu
514 2438 573 2476 non
591 2421 689 2493 potnit
706 2421 811 2474 Prinoe
849 2463 855 2476 .
874 2438 902 2477 v.
922 2417 1033 2497 Dignst.
1054 2422 1105 2480 lib.
1120 2421 1217 2475 XLIX.

33 2493 99 2548 titt.
121 2495 258 2566 aquibus
276 2493 417 2566 appellari
434 2493 593 2558 nonlicet,
617 2491 675 2570 leg.
695 2496 721 2549 1.
750 2509 786 2546 ex
849 2493 943 2560 piena.
980 2491 1104 2546 Videtur
1121 2503 1219 2549 autem

32 2559 167 2618 intertium
184 2571 302 2638 partem
320 2565 484 2620 aestimatae
506 2564 569 2617 litis
595 2561 660 2618 date
683 2563 774 2616 inisse
799 2565 903 2616 couno.
941 2560 989 2616 Sia
1016 2565 1093 2618 enim
1113 2565 1218 2619 Punlus

32 2645 113 2706 recept.
131 2643 256 2692 sentent.
275 2634 326 2690 lib.
345 2637 379 2687 V.
397 2638 444 2694 tit.
464 2639 508 2692 33.
529 2635 587 2710 leg.
609 2636 635 2688 7.
671 2633 804 2687 Aesertor
829 2633 856 2685 si
871 2639 1009 2700 prouocet,
1037 2633 1067 2686 ia
1090 2631 1219 2688 eiusmodi

32 2707 113 2759 tortian
129 2723 226 2761 caum
244 2707 330 2774 debet,
349 2707 442 2776 prouti
459 2722 542 2760 causo
560 2705 704 2757 aestimata
722 2702 794 2758 sst.“
829 2705 906 2758 euius
930 2703 954 2756 ii
980 2703 1038 2758 MS.
1064 2705 1162 2762 Gneli.
1189 2713 1220 2762 et

31 2775 75 2831 edd
91 2795 179 2835 amnes
197 2787 321 2852 praeter
338 2778 434 2834 Oberl.
455 2778 507 2849 qui
524 2795 541 2833 e
559 2775 618 2830 MS.
638 2776 708 2830 liud.
729 2775 809 2830 dedit
835 2791 891 2828 cura
912 2773 951 2826 iis
974 2783 1112 2846 tanquam
1135 2795 1220 2901 Ἧι-

32 2847 64 2970 p'p
78 2851 185 2906 dictum
225 2850 275 2906 Sic
292 2851 380 2904 eodem
397 2864 495 2902 mecum
511 2855 590 2916 potre
613 2849 733 2914 genitum
758 2849 801 2914 15,
826 2849 852 2904 2
879 2846 975 2919 princ.
1012 2848 1088 2902 cuius
1110 2848 1135 2901 is
1187 2847 1218 2903 S.

58 2930 174 2978 aniceto
192 2923 295 2989 Furia,
315 2921 392 2994 quad
410 2937 446 2975 ex
464 2919 519 2974 illo
536 2927 637 2974 natum
655 2918 751 2974 videri
768 2925 874 2990 potest.

80 3032 103 3086 1.
128 3029 227 3085 Vibius
250 3027 387 3084 Secundus
409 3027 468 3082 MS.
492 3027 593 3082 Guelf.
621 3025 683 3082 edd.
709 3028 772 3080 Pnt.
792 3030 818 3081 1.
837 3031 864 3083 1.
890 3043 953 3097 sqq.
977 3022 1066 3078 uotae
1088 3040 1142 3080 sec.
1161 3025 1220 3082 MS.

32 3095 88 3158 iter.
103 3108 174 3156 teste
192 3101 293 3156 Furia.
318 3099 405 3154 desiisse
422 3100 483 3155 Sec·
501 3096 580 3153 MSS.
604 3097 674 3173 Bag·
701 3097 787 3152 Gorb.
813 3095 858 3152 ed:
881 3096 959 3168 Spir.
984 3104 1018 3150 ut
1040 3098 1127 3169 paulo
1153 3107 1221 3171 post

29 3169 77 3223 tetii
97 3173 186 3242 erispa·
208 3169 267 3224 MS.
293 3171 364 3247 Agr.
391 3177 421 3224 et
448 3171 492 3225 ed.
516 3168 595 3241 Spir-
617 3168 709 3222 ssioius
731 3183 783 3221 sec
802 3166 861 3223 MS.
886 3168 956 3223 Bud.
982 3167 1032 3224 sed
1049 3169 1221 3243 paulopost

33 3241 88 3294 Vitii
103 3244 203 3314 Crispi.
242 3243 319 3309 Quae
337 3241 492 3295 literarum
512 3241 644 3294 contusio
662 3240 907 3311 frequentissime.
937 3239 982 3298 cf.
1009 3241 1044 3294 ed
1071 3243 1107 3296 Η.
1127 3245 1218 3308 313.

29 3313 96 3376 itt.
111 3319 153 3372 13.
174 3347 209 3360 ·-
227 3313 419 3366 comentibus
436 3312 565 3366 Maurice
592 3327 659 3364 nam
678 3311 851 3365 Mauritania
877 3311 973 3367 occiso
999 3312 1162 3369 Ptolemaeo
1186 3315 1220 3370 in

28 3387 172 3450 pometa
190 3387 276 3440 Rom
295 3386 422 3439 formam
439 3382 555 3438 redacta
574 3390 645 3438 erat.
666 3381 710 3438 Cf.
731 3380 766 3436 ad
783 3381 821 3435 H.
842 3387 867 3449 l,
886 3387 930 3440 ll.
956 3409 989 3424 -·
1015 3387 1221 3454 repetundarum

30 3455 151 3523 insuia,
168 3461 210 3512 ct.
229 3455 265 3510 ad
284 3461 310 3520 l,
329 3459 374 3522 11,
392 3459 420 3512 3.
439 3455 579 3508 mucosus
596 3453 654 3510 MS.
676 3453 773 3509 Gneli.
795 3485 828 3503 -·.
847 3470 880 3507 ue
897 3455 1026 3521 mariue
1050 3472 1136 3524 poeno
1154 3457 1219 3522 affi-

29 3535 120 3581 urerer.-
137 3529 241 3596 „olim
260 3529 293 3582 in
311 3527 436 3582 crimine
454 3525 683 3598 repetundarum
701 3542 794 3598 poena
810 3527 870 3579 init
889 3527 1026 3581 exsilium
1045 3537 1075 3583 et
1087 3529 1221 3584 aestima·

28 3597 135 3654 tiolitie.
152 3619 181 3654 v.
205 3607 231 3668 1,
250 3602 296 3655 11.
315 3599 353 3652 Η.
372 3603 399 3665 1,
417 3600 461 3654 db.
492 3598 596 3652 Ascon.
617 3597 653 3652 ad
671 3597 731 3652 Cio.
751 3597 783 3650 in
800 3598 884 3652 Verr.
904 3603 932 3666 l,
957 3603 999 3656 13.
1035 3601 1135 3654 Postea
1154 3600 1221 3678 legs

30 3663 84 3724 lsb'a
99 3680 226 3736 numm,
244 3679 279 3724 ut
296 3669 449 3724 damnatus
468 3683 501 3723 eo
520 3669 646 3723 crimine
665 3677 769 3724 senatu
795 3679 965 3724 moveretur
988 3677 1018 3726 et
1044 3671 1154 3725 iudices
1173 3687 1221 3726 ec·

29 3739 113 3810 iperet
130 3742 168 3798 ad
184 3743 392 3812 aestimandam
411 3740 506 3794 litem.
533 3757 563 3794 v.
582 3743 628 3806 13,
646 3743 690 3798 33.
710 3744 755 3806 11,
773 3743 818 3796 13.
843 3739 880 3794 Η.
902 3746 929 3810 1,
955 3745 997 3798 11.
1021 3741 1096 3796 Plin.
1122 3760 1166 3814 op.
1192 3745 1220 3811 3,

30 3811 378 3878 lepusculum.
399 3820 428 3867 et
446 3809 556 3869 oeni
594 3811 671 3867 Haec
688 3812 836 3866 ordinaria
851 3828 960 3884 poene:
986 3813 1036 3870 sed
1054 3815 1222 3900 graviuset

29 3879 176 3959 ptemmque
196 3893 280 3942 extra
298 3885 431 3940 ordinem
449 3883 481 3937 in
499 3881 531 3936 id
550 3883 663 3939 crimen
681 3883 914 3939 animadversum
931 3901 986 3956 pro
1005 3885 1108 3939 delecti
1127 3882 1220 3942 modo.

31 3951 147 4024 itque-ee
163 3957 258 4012 Macri
277 3973 359 4010 mens
377 3958 435 4041 leg.
455 3959 482 4010 1.
502 3954 539 4008 ad
555 3955 613 4032 leg.
634 3955 690 4010 lul·
709 3963 802 4026 repet.
839 3955 930 4009 Hodie
952 3971 987 4009 ea
1011 3958 1074 4026 iege
1099 3965 1221 4028 repetun-

30 4021 96 4078 ivsn
116 4036 197 4084 extro
221 4027 340 4081 ardincus
355 4034 512 4098 punctuatur,
536 4034 563 4080 st
582 4028 736 4097 pierumque
759 4026 803 4079 uei
825 4027 924 4081 cnsilio
947 4027 992 4080 oet
1014 4029 1095 4081 etiam
1119 4029 1221 4095 muse,

29 4105 83 4156 preat
97 4100 263 4155 mutamus.
302 4100 374 4157 octat
390 4097 466 4168 euos,
484 4098 512 4153 si
528 4099 563 4152 ob
579 4097 707 4152 maces
723 4099 870 4152 meandum
886 4099 1023 4166 pecuniam
1050 4099 1222 4166 acceperint!

29 4167 123 4224 'ilice
149 4173 342 4238 misertim
363 4169 545 4226 ismsestesst
580 4169 688 4226 Eadem
708 4170 822 4227 ratione
850 4170 969 4242 scripsit
992 4169 1103 4226 Plinius
1130 4173 1221 4242 apt,

30 4237 57 4314 ll·
72 4243 192 4298 tta-im
209 4241 331 4298 tium
349 4244 499 4297 excessisse
514 4241 680 4297 imsuitots
705 4249 732 4297 st
747 4242 867 4296 saeuitia
889 4241 1014 4308 crimina,
1041 4241 1136 4308 putas
1159 4242 1224 4296 dori

30 4309 1224 4384 sompnus,qmatneouusueoesmoadu,tsserseteosoaehm
1334 4359 1337 4366 ⁴
