2826 4792
128 163 260 234 urm
281 164 1114 250 xxxvu.xxxvu1.(au.au.a.o.te.r
1170 167 1216 244 tt
1337 265 1341 271 ,

48 331 98 388 rba.
110 332 192 393 (laeli.
209 333 285 392 Bud.
303 333 371 392 edd.
387 333 585 409 aptatam.
604 333 686 394 Piala.
703 341 734 394 el
751 352 814 394 ree·
831 333 949 394 adatita't
966 333 1016 392 val
1030 331 1130 390 ascleta
1148 329 1213 394 old.

48 405 85 460 lut
97 407 116 462 l
129 403 184 460 Ber.
203 415 235 464 et
251 413 311 464 oet·
328 439 364 454 -
382 414 414 462 ut
432 407 553 470 tttarau
568 407 631 468 tas.
646 407 728 464 Flor.
745 407 811 466 edd·
829 407 909 468 Pleb.
929 425 993 479 sqq,
1011 421 1047 460 uc
1063 407 1111 464 lib.
1131 403 1212 462 MSS.

48 475 108 530 tau
122 475 180 535 llud.
199 477 265 536 edd.
284 487 344 536 aet.
379 511 414 526 -·
442 479 607 548 mama.-
633 477 691 537 tls.
709 479 808 538 uuam
826 479 1015 549 inmeritam,
1081 477 1118 534 od
1136 485 1215 532 amat

46 547 133 616 latitu3
146 547 272 626 litu-⁸·—
289 557 317 606 et
335 550 489 606 annititur
504 549 588 608 MSS·
605 551 692 608 mor.
706 551 779 610 But„
806 551 869 611 add.
889 549 969 625 spir.
1095 546 1212 608 walth.

45 620 215 678 smaltis.
233 621 332 681 Guelf.
352 623 415 680 add
434 624 497 682 l’ut.
518 629 545 682 1.
563 625 591 684 2
611 631 642 680 at
659 630 734 680 oet.-

382 765 578 824 carur
630 719 824 826 xxxvru.
852 737 856 748 '

94 869 171 936 Tunc
191 875 341 958 primum
362 875 533 937 fortunam
554 869 649 937 suam
682 875 882 960 introspexit
908 875 1102 960 ferrumque
1123 889 1215 935 acce-

39 953 78 1034 pit,
94 955 163 1038 quod
181 959 314 1020 frustra
332 958 451 1044 iugulo
473 977 513 1022 ec
533 961 664 1040 pectori
684 979 747 1042 per
760 957 1019 1041 trepidationem
1035 955 1214 1030 admovens

38 1035 86 1098 im
99 1041 214 1104 tribuni
236 1042 446 1128 transigitur.
491 1038 621 1124 Corpus
642 1043 746 1105 matri
764 1060 976 1116 concessum
1008 1041 1215 1104 nuntiatum„

38 1137 80 1197 otc
100 1119 228 1187 Claudio
258 1124 419 1208 epulanti,
450 1127 576 1209 perisse
597 1124 825 1204 Messalinam,
857 1143 925 1186 non
952 1123 1123 1201 distincto,
1155 1141 1216 1186 sua

37 1219 63 1260 aa
78 1205 164 1268 aliena
197 1227 311 1269 manu.
353 1208 427 1272 Nec
454 1209 514 1272 ille
585 1209 717 1286 aesivit,
750 1209 968 1290 poposcitque
995 1208 1154 1294 poculum
1181 1211 1217 1267 et

35 1283 102 1348 aliu
119 1293 269 1352 convivio
291 1290 483 1355 celebrarit.
562 1309 582 1352 e
602 1295 726 1355 secutis
747 1289 879 1374 quidem
895 1289 1011 1354 diebus
1030 1289 1113 1369 odii,
1134 1307 1216 1378 gau·

36 1363 75 1443 dii,
91 1371 158 1450 irae,
182 1374 357 1452 tristitiae,
390 1373 490 1436 ullius
513 1372 654 1458 denique
676 1373 817 1436 humani
837 1375 974 1438 affectus
995 1375 1090 1460 signe
1111 1369 1216 1448 dedit,
1302 1405 1307 1414 ι

36 1468 92 1528 oon,
115 1473 211 1534 quum
241 1456 402 1522 laetantes
432 1465 644 1522 accusatores
673 1459 851 1540 aspiceret,
884 1477 964 1536 non,
997 1477 1100 1538 quum
1127 1453 1217 1520 filios

36 1545 190 1602 merentes.
233 1538 389 1622 iuvitque
409 1539 614 1602 oblivionem
641 1541 714 1602 eiua
735 1549 870 1605 senatus
890 1537 1066 1617 censendo,
1095 1557 1217 1603 nomeu

36 1613 170 1699 aengien
191 1619 340 1702 privatis
360 1639 399 1682 ae
419 1622 563 1699 publicis
585 1623 665 1702 locis
688 1620 929 1687 demovendas..
966 1621 1113 1686 Decreta
1127 1621 1218 1683 Nar·

34 1695 91 1757 deso
108 1703 290 1779 quaestoria
312 1702 465 1790 insignia,
495 1705 702 1768 levissimum
723 1704 851 1767 fastidii
880 1707 964 1783 eine,
1012 1723 1093 1766 uum
1115 1723 1154 1764 sn

34 1776 172 1846 Pallantem
195 1793 232 1848 et
250 1782 427 1848 Callistum
448 1795 573 1886 ageret.
615 1787 766 1850 Honesta
787 1786 934 1874 quidem,
955 1723 1014 1850 aed
1036 1805 1077 1849 ex
1097 1787 1154 1872 qui

34 1857 174 1930 deterrima
196 1869 374 1932 orirentur
395 1871 548 1932 tristitiis
570 1871 695 1938 multis.
955 1881 958 1886 '
1110 1881 1112 1886 ’
1203 1888 1207 1896 ’

77 1969 98 2046 l.
113 1967 292 2037 introspexit:
311 1969 344 2024 in
361 1969 421 2025 MS.
441 1969 540 2029 Guelf.
559 1969 781 2042 a'atre‘uspm'l.
808 2002 842 2016 -
868 1965 982 2040 frustra
999 1968 1030 2025 a'u
1072 1969 1100 2024 lo
1119 1984 1153 2024 ae
1167 1985 1218 2040 pe-

32 2039 79 2087 aaa
94 2039 510 2110 ermemmarus
541 2059 577 2096 uc
591 2045 703 2114 pectora¹
727 2043 793 2100 edd.
810 2042 904 2098 Rben.
923 2045 951 2100 3.
970 2047 995 2100 3.
1061 2041 1089 2098 d.
1109 2047 1140 2098 at
1156 2057 1217 2096 reo.

32 2113 168 2172 “nectari
193 2111 252 2170 tus.
274 2113 373 2171 Guell.
399 2121 449 2168 aut
471 2113 584 2184 pectori
610 2115 672 2173 edd.
698 2113 776 2188 Spir.
803 2115 867 2170 rut.
887 2120 913 2172 1.
932 2117 958 2172 2.
984 2113 1050 2170 Ber.
1076 2111 1169 2170 llben.
1189 2115 1216 2170 1.
1315 2171 1317 2176 ,

32 2173 91 2231 Bell„
105 2182 146 2236 lix
161 2183 223 2238 118.
242 2184 325 2240 Flor.
345 2185 694 2241 ucenotavitVictorius
713 2188 888 2245 stantiae.
908 2184 999 2244 Grom
1029 2219 1060 2230 -
1080 2185 1142 2239 a'cta
1159 2183 1218 2240 tri-
1257 2202 1266 2208 ·

32 2247 75 2300 lw'
88 2255 274 2325 transigitur.-
293 2257 398 2334 „Ergo
417 2257 532 2311 tribuni
550 2257 731 2330 supplicium
750 2258 899 2313 interdum
917 2257 976 2330 ipsi
994 2277 1046 2312 aua
1064 2275 1151 2312 mmu
1170 2275 1217 2312 eu·

31 2321 267 2400 tantaequae
285 2327 356 2384 alias
374 2328 570 2402 speculatores
589 2331 654 2383 iere
681 2329 830 2396 destinati,
854 2346 914 2383 non
938 2319 1070 2406 insign'es
1094 2327 1216 2388 milites.

31 2397 90 2474 ,³:¹⁵2
105 2401 145 2455 60.
164 2400 211 2456 67.
232 2409 261 2456 et
279 2399 345 2456 Seu.
367 2419 411 2474 ep.
430 2399 476 2457 4·“
494 2397 573 2468 Lipa.
594 2399 629 2455 ad
648 2403 691 2470 15,
710 2403 755 2456 67.
784 2400 829 2455 Cf.
850 2409 879 2458 et
898 2401 942 2468 12,
966 2403 1001 2460 22
1020 2407 1094 2456 extr.
1120 2406 1218 2454 tram-

30 2470 170 2528 taturus.
195 2471 278 2528 Nlor.
307 2469 393 2540 (teste
411 2473 469 2530 lac.
496 2471 600 2537 Gron.)
626 2479 656 2527 et
682 2471 727 2528 ed.
752 2471 844 2533 Bekk.
870 2480 904 2526 ut
927 2475 957 2540 1,
983 2475 1027 2530 te.
1046 2475 1093 2542 14,
1118 2474 1144 2528 9.
1169 2473 1216 2529 37.

31 2537 178 2618 ltmafiga'tur
204 2545 267 2602 edd.
293 2553 348 2599 cet.
385 2543 474 2598 Paulo
497 2551 564 2614 post
589 2559 747 2598 coactarum
771 2551 832 2600 eat:
859 2544 1076 2612 assumamque
1102 2547 1143 2595 eat
1171 2542 1216 2598 ed.

29 2601 79 2688 lpr.
94 2647 122 2658 -·
139 2613 420 2685 Nuntiatumquecl.
440 2632 464 2668 e.
482 2615 594 2684 perisse
611 2615 800 2670 Messalinum
819 2624 874 2670 cet.
893 2617 931 2668 ct.
951 2613 1030 2672 Suet.
1050 2611 1153 2669 Claud.
1172 2617 1217 2672 39.

29 2693 103 2800 putre
119 2703 217 2742 munes
236 2688 300 2746 edd.
319 2695 386 2742 ante
404 2683 498 2743 Oberl.
518 2694 552 2758 ut
575 2695 606 2742 et
622 2685 715 2742 Bekis.
733 2685 853 2744 Walth.
882 2714 916 2724 -
937 2685 1054 2755 periisse
1076 2685 1139 2742 edd.
1167 2685 1218 2740 Ob.

44 2751 68 2820 Ῥ.
81 2755 146 2812 [ἴω.
166 2790 203 2802 -
216 2776 270 2814 aon
289 2757 439 2824 distinctu,
464 2776 495 2812 v.
507 2758 545 2813 ad
558 2762 583 2826 1,
598 2761 643 2828 te,
664 2763 689 2818 1.
708 2791 743 2804 —
749 2757 942 2830 poposcitque,
966 2759 1005 2812 cf.
1025 2756 1062 2813 ad
1081 2761 1105 2824 l,
1126 2761 1169 2822 13,
1187 2758 1216 2812 1.

27 2819 85 2880 lule
99 2838 165 2900 post
182 2847 233 2884 aec
251 2837 361 2886 secutos
379 2831 492 2901 quidem
510 2828 555 2883 ed.
574 2829 654 2902 Spir.
675 2863 707 2874 -
727 2831 859 2898 affectus:
879 2831 911 2882 in
930 2829 993 2886 edd.
1008 2829 1074 2883 ller.
1085 2827 1179 2883 liban.
1190 2832 1216 2884 1.
1290 2851 1293 2860 ’

29 2896 115 2954 dedas.
139 2935 175 2946 -
203 2902 280 2969 filios
296 2909 466 2968 moerentes,
492 2901 590 2954 filium
608 2901 768 2972 filiamque,
786 2902 990 2956 Britannicum
1010 2910 1040 2958 et
1058 2901 1215 2958 Octaviam.

28 2961 52 3022 tt
71 2970 141 3039 adl,
159 2975 209 3040 st,
228 2979 254 3030 1.
279 3007 313 3018 -
338 2990 437 3028 nomen
464 2979 491 3028 et
511 2972 626 3042 effigies
642 2973 767 3042 privetis
785 2989 819 3027 ac
834 2973 957 3042 publicis
975 2971 1046 3027 Iocis
1074 2973 1217 3026 demoven-

28 3037 102 3102 1ΜΠ.
119 3043 155 3098 ad
173 3047 203 3108 ²,
220 3047 267 3112 32,
286 3048 313 3101 1.
333 3061 368 3103 ae
383 3044 507 3113 publicis
525 3041 583 3103 lus,
602 3045 675 3099 Bud.
696 3043 760 3100 edd.
780 3044 857 3116 Spir.
876 3043 968 3100 Rhea.
983 3047 1046 3104 23.
1066 3043 1132 3098 Ald.
1152 3061 1185 3114 sq
1207 3082 1216 3098 .

30 3115 43 3156 ‘⁹
53 3113 145 3238 'als'
166 3115 268 3240 ssuelf.
287 3113 351 3174 edd.
370 3111 435 3170 Putss
454 3119 480 3174 1.
501 3118 527 3173 2.
545 3115 612 3172 Ber.
631 3115 724 3174 Ilhen.
744 3121 769 3174 1.
788 3118 912 3172 fortasse
932 3121 961 3170 et
978 3114 1036 3171 MS.
1054 3115 1136 3170 Flor.
1152 3061 1217 3170 Sal·

27 3189 61 3236 ‘ea
85 3187 150 3240 'uit
197 3190 283 3244 ictor.

41 3321 44 3329 1
68 3257 90 3312 l
106 3257 235 3326 Decreta·
248 3277 266 3313 a
284 3266 385 3314 senatu
401 3257 540 3314 Narcisso
559 3256 727 3330 quaestoria
746 3259 878 3330 iusignia
907 3267 941 3314 ut
959 3261 1004 3326 lb,
1023 3261 1068 3318 33.
1088 3291 1121 3302 -
1133 3257 1216 3314 leuia-

30 3335 94 3380 Μ
106 3331 227 3415 fastidii
254 3329 317 3384 eiua
335 3327 414 3388 MSS.
428 3330 516 3386 Nlor.
538 3331 602 3390 Vat.
624 3335 701 3390 1863.
728 3335 807 3392 1861.
833 3297 895 3390 edd.
922 3331 1001 3405 Spir.
1025 3332 1099 3388 Era.
1118 3330 1215 3390 Oberl.

29 3399 1216 3556 1111·ἕὲ31113331·31131311.13.3ξῆ,13·..111ἒί;

29 3541 137 3620 lamam
157 3553 203 3600 eat
221 3547 377 3616 impotenti
399 3554 430 3601 et
450 3547 605 3623 arroganti
630 3547 756 3603 liberto:
785 3565 838 3604 nec
863 3547 957 3602 obstat
984 3547 1061 3620 quod
1084 3545 1216 3616 Ryckius

29 3603 79 3676 (ἃ,
94 3615 157 3670 ιοιἸ.
177 3617 348 3672 Narcissum
366 3617 407 3672 sic
425 3619 652 3688 repraesentari,
676 3627 711 3674 ut
729 3619 808 3676 clare
832 3624 979 3692 appareat,
1007 3615 1144 3674 Tacitum
1161 3632 1216 3688 po·

31 3683 62 3732 '⁶⁸2⁸
74 3685 243 3742 Ιᾶωὶηῒαω
260 3686 348 3742 huius
366 3689 562 3760 prudentiam,
582 3689 786 3746 dexteritatem
812 3693 843 3746 et
859 3691 1054 3746 constantiam
1076 3689 1108 3744 iu
1134 3707 1216 3744 exse·

30 3755 105 3838 ¹‘eodo
123 3767 189 3813 tote
205 3759 263 3815 boc
280 3761 411 3836 negotio,
430 3777 517 3832 quam
535 3760 598 3814 ullo
617 3762 702 3816 modo
721 3761 861 3840 sugillare
872 3764 1000 3818 voluisse
1015 3770 1106 3816 status
1120 3761 1214 3832 ipsius

31 3825 198 3897 *tutionem
235 3830 353 3886 Tacitus
371 3832 437 3886 vult
454 3833 554 3903 potius
572 3832 679 3901 dicere,
699 3851 766 3888 eum
792 3832 935 3889 bonorem
957 3833 1089 3888 Narcissi
1112 3849 1216 3904 super·

32 3906 179 3978 Pt'fparum
202 3903 386 3970 satisfecisse,
417 3921 508 3974 quum
526 3905 559 3958 in
583 3905 650 3959 aula
676 3905 807 3975 primum
830 3905 942 3984 gratiae
967 3905 1066 3960 locum
1093 3911 1213 3960 teneret.

32 3976 153 4026 'sensero
173 3991 226 4028 nee
244 3976 287 4028 sic
305 3974 403 4028 locutu
421 3983 611 4044 persanatum
628 3983 710 4046 puto.
739 3976 808 4043 Quis
827 3977 906 4031 enbn
924 3975 1002 4031 dicat
1020 3977 1078 4030 leve
1096 3973 1214 4041 fastidii

34 4033 57 4082 '¹3
68 4041 200 4116 lastigii?
219 4045 315 4099 lmmo
333 4046 392 4122 leg.
411 4045 535 4114 fastidio
554 4047 604 4101 vel
620 4046 782 4116 fastidiis.“
800 4047 872 4102 Eam.
910 4048 991 4114 „Sed
1012 4048 1094 4101 aliud
1112 4055 1155 4103 est
1173 4047 1214 4099 ta-

32 4115 138 4167 eram
157 4115 275 4184 fastidii
297 4115 360 4170 etas
383 4133 469 4188 quarn
493 4117 550 4172 teve
572 4118 697 4184 fastidii.
734 4118 809 4173 Nam
827 4118 983 4187 fastidium
1004 4115 1056 4173 bic
1080 4119 1140 4173 dici
1158 4133 1214 4188 pro

34 4185 178 4252 ”tannim
194 4186 337 4258 superbia,
360 4188 447 4243 facile
476 4189 668 4266 intelligitur.
704 4189 766 4246 laur
789 4191 942 4257 fastidium
969 4198 1012 4246 eat
1035 4207 1147 4244 suauma
1165 4205 1214 4242 re-

34 4257 78 4314 Μ.
91 4257 194 4330 quibus
211 4259 264 4315 illa
284 4259 473 4330 superbiebat,
502 4269 531 4316 et
550 4260 724 4321 levissimam
745 4261 865 4329 fastidii
882 4262 946 4318 ea'aa
970 4259 1077 4338 (penit.
1096 4255 1214 4334 partit.)
