2814 4792
176 251 321 320 carue
341 251 497 320 xnvm.
519 245 642 320 xum.
667 251 719 334 (s.
738 251 778 318 u.
794 253 865 322 ess.
887 252 928 319 s.
947 251 983 319 a.
1000 252 1067 336 se.)
1169 253 1233 322 aee

29 423 57 476 ut
78 421 180 476 Ancon.
225 421 283 476 ttte
309 420 455 476 Ausonius
487 420 622 475 consules
654 419 789 476 suffectos
817 437 933 492 parurn«
950 435 1067 476 ennsse
1093 419 1230 488 videtum

29 495 108 552 cem.
125 525 158 538 --
195 493 403 566 necandumque
433 508 512 547 mom
537 491 694 548 mserum
722 493 798 548 unde
819 493 908 564 paulo
932 499 1001 564 post
1024 492 1185 561 carnificem
1202 499 1231 548 et

30 567 148 636 taqueum
175 581 204 619 v.
224 565 260 620 ad
281 567 371 632 ΗΞ,
389 567 416 624 3.
654 602 659 609 ·

85 639 109 693 2.
127 635 234 690 Paetus
254 635 391 704 Tbrasea,
409 651 436 695 v.
455 633 519 694 lna
538 635 578 691 ll.
597 637 706 693 et1nd.
726 635 780 694 111.
798 654 827 692 v.
842 635 966 693 Nomina
982 634 1111 707 gentium
1126 653 1231 708 cagno-

30 706 135 762 ninibus
150 707 320 776 postposita.
339 742 373 752 -
410 713 583 762 mereretur:
610 709 641 762 in
667 706 727 764 MS.
747 707 846 767 Guelt.
872 715 1005 763 meretur.
1024 741 1058 753 -
1094 709 1231 764 obstricto

30 785 111 832 senatu
128 779 186 832 MS.
206 778 306 834 Guelt.
326 779 388 834 edd.
407 781 470 834 eus.
491 784 515 834 1.
535 782 561 836 2.
579 776 643 836 Ber·
663 779 711 846 (ad
729 797 814 852 quern
832 779 917 835 siluit
932 779 1021 846 Visa)
1044 778 1137 838 Rhea.
1156 783 1184 838 2.
1202 784 1229 838 3.

30 869 77 920 sqq.
101 849 239 912 obstricta
264 851 380 906 senatui
404 851 462 907 MS.
490 850 573 904 Flor.
599 850 686 917 (teste
711 851 813 920 Furia)
841 852 907 908 edd.
932 852 1011 924 Spir.
1035 850 1128 909 Rben.
1149 857 1176 910 l.
1196 883 1229 895 -

29 922 174 988 carnificum
198 929 226 975 et
252 923 381 994 laqueum
404 923 518 993 pridem
541 922 659 991 abolita,
691 925 729 978 ct.
757 929 826 978 nota
843 928 868 980 1.
896 931 970 979 extr.
996 930 1026 978 et
1042 921 1107 980 lnd.
1125 922 1180 977 111.
1200 941 1229 977 v.
1340 951 1341 956 .

30 991 244 1048 Praedicatorum
262 1001 289 1048 et
307 994 501 1049 Subiectorum
519 995 630 1048 numeri
648 1001 676 1048 et
693 1010 801 1066 genera
819 996 941 1053 diuersa.
974 993 1019 1064 „A
1036 1001 1138 1048 senatu
1155 993 1230 1047 mol·

31 1063 98 1118 litem
112 1066 207 1120 fuisse
224 1064 321 1142 legem
340 1066 425 1121 docet
443 1066 500 1124 lul.
519 1065 624 1120 Paulus
643 1082 701 1121 rec.
720 1074 793 1122 sent.
811 1068 847 1121 V.
865 1069 912 1123 tit.
931 1070 959 1123 4.
978 1064 1014 1121 de
1032 1065 1150 1120 iniuriis
1169 1066 1229 1142 leg.

30 1139 62 1190 lt
79 1136 129 1192 oss·
145 1152 259 1190 cannen
282 1140 421 1204 tannacum
441 1138 475 1192 in
499 1137 640 1192 iniuriam
663 1138 788 1192 alicuius
809 1140 855 1194 vel
870 1139 931 1192 als'a
949 1135 1089 1209 quaelibet
1106 1137 1229 1203 cantica,

30 1223 70 1275 quo
85 1209 204 1276 agnoms'
219 1209 321 1276 possit,
340 1209 537 1278 composuerit,
561 1227 596 1264 es
614 1210 788 1265 auctoritate
812 1209 985 1280 amplissimi
1003 1207 1116 1262 ordinis
1133 1206 1166 1262 in
1182 1207 1230 1262 in·

30 1279 99 1330 salon
122 1280 325 1348 deportatur.“
347 1282 432 1336 Brat.
475 1279 532 1336 Sed
560 1281 706 1338 Antistius
736 1282 876 1352 probrosa
902 1278 1038 1336 adversus
1061 1279 1231 1352 Principem

31 1351 142 1404 armine
159 1352 354 1409 factitaverat.
374 1386 407 1397 -
443 1353 520 1410 Quin
536 1353 570 1406 s'n
587 1353 683 1408 insula
707 1351 853 1412 additis.
872 1347 951 1408 Pich.
971 1371 1033 1423 sqq.
1067 1349 1118 1422 qus·
1134 1349 1166 1405 in
1183 1351 1231 1404 in·

30 1423 79 1473 esta
95 1423 149 1477 MS.
175 1422 255 1480 eloe.
278 1429 354 1481 teste
377 1424 457 1482 Pich.
484 1440 544 1479 non
566 1426 642 1480 Vict.
666 1433 718 1482 aut
740 1425 840 1480 Furia.
867 1425 937 1497 quin
954 1424 986 1478 in
1004 1423 1128 1476 insulam
1149 1421 1229 1478 MSS.

30 1491 112 1548 Guelt.
130 1494 203 1572 Agr.
224 1494 286 1548 edd.
305 1495 368 1552 eut.
388 1501 415 1553 1.
433 1500 459 1554 2
484 1496 548 1551 Ber.
567 1497 658 1552 Rhen.
678 1504 704 1554 1.
741 1497 808 1570 auin
828 1497 924 1552 imula
950 1495 1014 1552 edd.
1041 1493 1135 1549 liban.
1154 1497 1181 1551 2.
1199 1497 1228 1551 3.

30 1573 52 1616 et
66 1574 115 1619 cet.
132 1575 200 1622 ante
218 1565 303 1621 Picls.
323 1569 371 1639 qui
388 1585 423 1623 ne
440 1568 535 1624 insula
558 1569 602 1624 ed.
621 1569 699 1641 Spir.
761 1569 885 1626 iinmla
902 1564 1105 1626 ns.eu‹1.-
1136 1565 1230 1635 publi-

30 1637 89 1690 catis
105 1639 195 1704 banis,
212 1655 242 1692 v.
261 1640 298 1693 ed
314 1643 343 1706 3,
363 1643 406 1707 17,
424 1645 450 1698 3.
471 1671 505 1684 -
540 1639 679 1695 traxisset
707 1637 723 1696 ¹a
744 1640 771 1696 d.
797 1658 897 1696 omnes
919 1648 1037 1714 praeter
1053 1637 1229 1710 principem.

30 1710 163 1765 transisset
182 1707 262 1766 MSS.
281 1710 361 1765 Flac.
381 1714 468 1779 (teste
486 1711 575 1779 Vict.)
594 1711 693 1772 Guelf.
714 1711 757 1767 ed.
777 1713 855 1784 Spir.
875 1745 909 1758 -
945 1728 977 1767 eo
992 1709 1130 1780 priuatim
1145 1707 1229 1760 mise-

30 1779 119 1834 riorem
135 1781 200 1836 edd.
220 1781 293 1836 Ern.
313 1790 343 1838 et
360 1799 420 1856 sqq.
440 1801 477 1838 ex
495 1784 608 1838 emend.
626 1785 731 1855 lipsii·
766 1803 798 1840 eo
822 1803 868 1856 pr.
887 1782 1023 1840 misericr
1045 1779 1101 1836 MS.
1130 1779 1228 1836 Gusls.

30 1857 52 1902 et
66 1852 121 1910 edd
140 1861 200 1910 vet.
218 1869 251 1910 eo
265 1855 396 1925 priuatus
412 1854 548 1910 miserior
564 1853 643 1912 MSS.
669 1854 753 1912 corb.
772 1858 844 1936 Agr.

439 2009 632 2067 cnett'c
671 2009 797 2067 xntx.

95 2117 250 2184 Libertas
276 2117 448 2184 'Ibreseae
476 2121 656 2185 servitium
686 2121 831 2183 eliorum
860 2120 965 2203 rupit,
998 2128 1033 2185 et
1058 2125 1229 2204 postquam

31 2194 246 2266 discessionem
267 2203 383 2266 consul
402 2205 614 2287 permiserat,
634 2201 775 2287 pedibus
796 2205 832 2266 iu
844 2203 1043 2267 sententiam
1064 2206 1136 2267 eius
1157 2203 1251 2264 iere¹

30 2288 124 2359 paucis
144 2289 320 2370 exemptis,
341 2287 513 2371 inquibus
534 2285 729 2351 adulatione
740 2288 1009 2370 promptissimus
1031 2288 1097 2352 fuit
1117 2283 1229 2350 A.Vi-

30 2367 122 2431 tellius
143 2372 308 2454 optimum
330 2389 491 2455 quemque
518 2371 631 2455 iurgia
653 2370 816 2434 lacessens
846 2378 880 2435 et
909 2369 1126 2454 respondenti
1145 2368 1228 2431 reti·

30 2465 100 2530 cens,
120 2461 159 2516 ut
180 2453 304 2537 pavida
325 2455 359 2515 in
384 2457 459 2517 enie
479 2455 596 2518 solent.
638 2454 685 2518 At
699 2455 851 2517 consules
872 2455 1035 2536 perficere
1056 2451 1230 2516 decretum

31 2545 142 2598 senatus
162 2556 234 2598 non
254 2539 329 2602 ausi
373 2556 577 2601 econsensu
597 2538 763 2618 scripsere
784 2535 930 2600 Caesari.
971 2537 1034 2600 llle
1054 2537 1145 2598 inter
1166 2555 1230 2620 pu·

31 2611 127 2681 dorem
146 2628 184 2682 et
203 2622 290 2683 mam
313 2627 486 2684 cunctatus
507 2627 678 2704 pestremo
699 2619 885 2701 rescripsit,
907 2618 998 2682 nullu
1014 2621 1136 2682 iniuria
1153 2637 1228 2698 pro-

31 2711 153 2766 vocatum
174 2699 353 2768 Antistium
373 2707 585 2788 gravissimas
605 2706 641 2766 in
658 2700 837 2785 Principem
862 2700 1068 2766 contumelias
1089 2701 1227 2764 dixisses

30 2799 115 2848 ectum
130 2787 284 2852 ultionem
303 2807 325 2849 a
345 2785 502 2852 Patribus
519 2787 715 2868 postulatam
736 2794 768 2848 et
786 2805 849 2869 pro
868 2784 1090 2869 magnitudine
1117 2783 1231 2848 delicti

29 2883 139 2942 pcmun
158 2872 265 2934 statui
284 2891 347 2953 par
366 2871 487 2949 fuisse:
526 2881 661 2934 ceterum
681 2890 726 2950 se,
758 2871 814 2952 qai
840 2871 1040 2935 seueritatem
1061 2869 1230 2932 decernen-

32 2951 92 3014 tium
108 2955 316 3036 immeditatus
336 2953 450 3038 fuerit,
471 2955 715 3021 moderationem
733 2972 798 3017 non
816 2953 998 3035 probibere.
1026 2949 1228 3029 Statuerent,

30 3043 57 3094 ut
73 3037 201 3105 oellmtt
223 3037 331 3101 datam
352 3047 385 3102 et
399 3037 585 3102 absoluendi
607 3038 777 3104 licentiam.
820 3037 886 3099 His
907 3047 1008 3120 atque
1028 3034 1152 3098 talibus
1173 3054 1228 3096 re·

31 3117 122 3182 citatis
143 3131 177 3186 et
197 3123 382 3186 offensione
402 3124 587 3200 manifeste,
613 3141 681 3184 uon
701 3119 777 3183 idea
798 3128 857 3182 aut
876 3119 1029 3190 consules
1055 3125 1230 3182 mutavere

30 3201 210 3271 relationem
230 3212 289 3267 aut
302 3205 453 3268 Thrasea
473 3203 614 3268 decessit
633 3205 799 3267 sententia
820 3203 979 3280 ceterive,
1002 3221 1086 3285 quae
1106 3201 1230 3284 probe-

30 3286 352 3366 venetensium,
373 3307 463 3371 pars,
491 3308 533 3351 ne
560 3287 751 3369 Principem
778 3285 939 3348 obiecisse
958 3283 1107 3349 invidiae
1133 3282 1228 3347 vide-

31 3379 143 3451 rentur,
163 3371 278 3454 plures
299 3390 440 3434 numero
462 3373 540 3451 tuti,
561 3369 711 3436 Thrasea
727 3375 822 3432 sueta
841 3366 1049 3434 firmitudine
1069 3367 1172 3433 enimi
1195 3375 1230 3430 et

31 3465 62 3509 ne
80 3453 184 3538 gloria
210 3453 440 3518 intercideret.

85 3574 107 3626 l.
131 3569 275 3635 libertam
298 3571 449 3646 retemta,
476 3570 616 3627 Thraseae
639 3569 788 3627 serentium
811 3572 933 3628 aliarum
957 3571 1044 3642 rupit,
1076 3571 1106 3625 in
1146 3563 1245 3624 nium

30 3641 119 3698 servile
135 3643 362 3728 obsequiumque
379 3642 504 3712 humile,
521 3652 557 3698 ut
577 3645 627 3726 15,
639 3646 684 3728 dl.
709 3644 786 3698 Nero
802 3644 916 3716 saepius
932 3645 1092 3698 libertmem
1131 3655 1230 3728 aucae

30 3721 421 3856 armasse
439 3725 524 3842 m.
540 3784 916 3854 .
939 3713 1130 3857 essse.
1147 3712 1227 3866 m:

32 3849 92 3909 icit
112 3859 144 3911 in
170 3874 265 3935 πως.
291 3860 334 3914 Bu
386 3859 450 3915 edel.
478 3859 570 3914 unsa
592 3861 619 3915 2.
647 3862 674 3916 3.
702 3858 768 3915 Ale.
794 3859 874 3932 lips.
911 3805 970 3914 Sqed
986 3873 1058 3913 voce
1085 3854 1229 3910 serostiusn

32 3926 182 3997 cstmditur,
201 3939 348 3986 senatores
365 3931 437 3985 ideo
453 3930 592 3986 servilem
610 3929 739 3983 animum
757 3931 894 3998 induisse,
922 3936 956 3983 ut
980 3931 1043 3984 iere
1070 3926 1152 3999 loqui
1169 3941 1229 3980 non

33 3995 168 4076 sederem
189 4000 266 4060 liele.
304 4001 483 4070 „Servitium
501 4001 660 4075 opponitur
677 4001 817 4070 libertati,
835 3999 882 4068 (ut
892 4003 936 4068 15,
948 3997 1010 4067 nl.)
1028 3998 1229 4123 εεῒιᾶιιοῶυεεί

33 4071 172 4138 cuculum,
192 4090 251 4144 quo
268 4071 403 4129 homines
421 4081 569 4129 tenentum
593 4072 671 4127 unde
698 4073 792 4143 rumpi
809 4080 875 4156 epte
892 4072 952 4127 dici
969 4077 1073 4143 potest.
1159 4065 1228 4122 aun.

34 4151 206 4214 ssmssasan
230 4143 430 4200 discessionem
451 4145 550 4201 consul
566 4144 750 4213 permiserat,
772 4146 893 4214 pedsbas
915 4140 1138 4197 inuenientium
1166 4139 1229 4220 eius

33 4223 78 4260 are
98 4215 204 4270 Patren
230 4234 259 4269 v.
283 4217 321 4271 ad
343 4221 371 4283 8,
393 4219 439 4283 23,
457 4219 484 4274 2
505 4245 537 4256 -
572 4215 674 4285 amns
696 4215 850 4286 exemptis:
880 4215 912 4268 in
935 4211 993 4268 MS.
1013 4211 1094 4267 Flor.
1119 4215 1228 4280 saeptis

33 4285 88 4336 teste
102 4283 183 4342 Picis.
205 4288 259 4359 qui
283 4287 352 4343 inde
376 4289 502 4342 coniecit
525 4287 659 4356 exceptis,
682 4289 760 4363 qnod
777 4303 835 4342 non
853 4288 950 4341 minus
967 4291 1075 4368 aptum.
1113 4281 1188 4350 „Sed
1211 4297 1228 4332 a

33 4353 157 4424 scriptu.
175 4357 228 4414 ills
246 4357 326 4415 nihil
345 4359 478 4416 extricas.
515 4358 664 4415 librarius
683 4360 810 4415 scribere
828 4355 924 4414 voluis
947 4353 1064 4424 ereptis,
1088 4351 1166 4426 quoi
1184 4358 1227 4406 est
