2814 4792
179 235 243 306 333
578 233 823 304 ANNALIUM
846 237 931 306 Lm.
953 236 1029 304 XV.

156 407 161 416 '
181 404 294 489 poium
307 373 481 468 Paulinum
502 380 719 492 uectigalibus
730 365 873 489 publicis
887 405 1082 489 praeposuit
1094 424 1168 468 cum
1177 406 1370 470 insectatione

180 491 335 572 priorum
353 488 559 571 Principum,
581 491 638 572 qui
659 492 825 574 gravitate
846 497 1038 572 sumptuum
1058 491 1165 552 iustos
1185 489 1304 552 reditus
1323 511 1370 552 en·

181 573 339 634 tuissent:
361 591 397 634 so
417 590 565 635 annuum
585 573 767 634 sexcenties
788 574 980 636 sestertium
994 573 1054 640 rei
1074 573 1221 656 publicae
1239 573 1355 660 largiri.

253 693 280 746 1.
300 695 411 757 tropaea
429 689 463 742 de
479 688 592 742 Partitis
609 701 738 758 ermque
755 719 789 732 -
807 687 981 756 sistebantur,
1000 705 1029 745 r.
1048 689 1086 743 ed
1102 691 1129 757 2,
1148 693 1191 756 13,
1208 692 1234 748 3.
1253 699 1281 746 et
1296 693 1319 758 i,
1335 697 1370 758 11,

181 763 208 818 1.
245 767 357 828 tropaea
382 760 445 815 edd.
472 760 496 818 1.
515 759 564 814 Fr.
591 757 684 815 Gron.
710 777 774 832 sqq.
811 761 922 829 troplteu
944 759 1003 816 MS.
1023 759 1120 817 Gueli.
1142 762 1203 818 edd.
1227 761 1298 833 Spir.
1319 764 1370 818 Put.

181 837 221 894 1.,
228 834 254 888 3.
273 832 338 888 Ber.
358 833 406 898 (sd
424 850 510 902 quem
530 832 613 886 siluit
630 831 719 895 vict.)
742 830 873 900 tropltueu
886 831 948 888 edd
967 832 1060 886 iihen.
1079 838 1104 888 1.
1124 835 1150 890 3.
1168 836 1195 890 3.
1213 851 1271 904 sqq.
1299 834 1371 887 Paulo

180 910 247 974 post
272 919 290 958 a
313 911 408 957 senatu
431 904 474 960 ed.
505 902 582 974 Spir.
621 904 679 958 doun
703 904 805 958 amisso
832 911 861 958 et
884 911 977 972 spreto
1003 904 1059 960 MS.
1084 903 1165 962 Flos.
1190 912 1260 960 teste
1283 906 1370 970 iusim

180 981 273 1042 spreto
300 976 388 1028 etism
413 975 457 1032 ed.
482 976 561 1046 Spir.
587 983 617 1030 et
639 981 726 1030 tames
748 990 804 1046 pro
831 979 884 1028 tum
910 974 968 1030 MS.
988 975 1088 1030 Gueli.
1109 1007 1142 1020 ·-
1176 976 1281 1042 integro
1302 976 1371 1030 umus

182 1047 262 1114 betto,
281 1065 310 1100 s.
329 1046 365 1101 sd
382 1049 409 1113 3,
429 1050 456 1114 3,
476 1053 501 1104 1.
520 1049 547 1112 3,
566 1047 610 1111 63,
628 1049 655 1104 3.
675 1054 705 1100 et
721 1047 785 1100 tnt.
804 1046 857 1100 111.
875 1065 905 1104 v.
924 1048 1072 1101 Adiectiou
1093 1045 1126 1101 in
1143 1056 1220 1101 sesto
1236 1063 1296 1102 cusu
1310 1048 1371 1100 niso

181 1119 238 1170 tute
252 1117 353 1186 posito.
374 1151 406 1162 -
444 1117 646 1172 dissimulandis
665 1133 754 1172 remam
776 1125 944 1172 externarum
962 1119 1045 1184 eutis,
1073 1119 1113 1178 ef.
1137 1117 1198 1174 lud.
1217 1119 1266 1174 111.
1289 1137 1313 1174 v.
1329 1119 1371 1171 Ge·

181 1189 450 1244 mansionatica.
472 1215 505 1228 -
540 1190 695 1256 {rumentum
709 1189 808 1258 ‘piebis
832 1190 871 1246 id.
891 1191 936 1262 qu
965 1189 1122 1254 frumentum
1147 1191 1280 1257 ptetetun,
1309 1191 1371 1256 {rum

180 1260 314 1326 publicum
338 1261 370 1314 in
395 1263 483 1316 inser.
509 1279 524 1314 s
547 1296 553 1310 ·
583 1262 669 1316 Grut.
697 1278 726 1332 p.
746 1265 808 1328 stt,
826 1264 855 1316 4.
889 1261 983 1330 puputs'
1007 1260 1101 1326 sumno
1128 1279 1174 1332 sp.
1192 1260 1265 1316 Pers.
1282 1264 1306 1328 3,
1323 1261 1370 1316 ut.

183 1331 285 1386 Gerru-
305 1333 492 1417 gemeines
541 1349 618 1389 orn.
641 1331 696 1386 Est
712 1336 894 1387 frumentum
913 1335 946 1388 in
962 1331 1078 1386 horreis
1096 1332 1221 1404 publicis
1239 1341 1371 1396 servotum,

183 1411 217 1456 ut
234 1401 315 1473 plebi
334 1403 525 1458 divideretur.
546 1403 591 1456 ct.
609 1407 637 1470 2,
656 1407 699 1461 59.
720 1407 763 1470 12,
782 1408 825 1461 ts.
845 1406 881 1459 ed
899 1406 943 1468 15,
961 1408 1051 1469 eost.
1071 1413 1100 1458 et
1118 1403 1156 1460 sd
1172 1405 1240 1480 ngr.
1258 1408 1297 1460 to.
1314 1405 1371 1457 nb

179 1473 255 1542 ptett
272 1472 348 1528 MSS.
368 1473 420 1528 les.
442 1483 471 1529 et
488 1493 505 1528 a
522 1493 561 1528 m.
581 1493 625 1546 pr.
645 1476 728 1530 Harl.
746 1474 828 1530 Bodl.
848 1476 947 1531 Gueli.
972 1476 1039 1529 Non
1056 1493 1201 1548 spernam,
1219 1483 1251 1528 ut
1260 1477 1295 1528 sit
1309 1473 1372 1544 plebi

183 1544 360 1599 destinatum
380 1555 410 1600 et
427 1547 633 1616 dividendum
652 1549 718 1604 Era.
754 1548 849 1602 lmmo
868 1549 1016 1624 genitivus
1033 1548 1115 1602 vocis
1133 1548 1224 1613 plebes
1245 1553 1284 1599 est
1302 1543 1373 1613 plebei

183 1617 426 1684 etcoutr·p1ebi.
446 1650 479 1662 -
516 1634 565 1686 qao
583 1620 753 1672 securitatem
770 1635 890 1672 annonae
910 1623 1071 1672 sustenturet
1089 1615 1169 1670 MSS.
1195 1623 1304 1688 praeter
1323 1611 1371 1666 eod.

229 1705 253 1740 r.
274 1697 303 1742 et
320 1687 382 1742 edd.
403 1705 503 1744 omnes
527 1696 587 1742 tem
611 1698 725 1744 veteres
750 1697 817 1743 aute
834 1691 869 1743 Li
892 1709 913 1744 s.
934 1705 1020 1760 quem
1038 1688 1216 1741 recentiores
1240 1685 1331 1739 Kiessl.
1351 1688 1372 1732 et

227 1757 298 1816 alth.
335 1766 482 1814 ostentaret
499 1757 557 1816 MS.
577 1761 649 1838 Agr.
668 1759 729 1816 edd.
749 1760 843 1830 11γοὶ
869 1707 943 1814 isit.
962 1759 1034 1814 Ern.
1054 1759 1104 1812 Ob.
1124 1757 1198 1811 istiu.
1217 1756 1300 1811 Bekk.
1325 1753 1373 1806 Rit-

184 1831 250 1886 teri.
281 1829 334 1896 Qui
352 1831 533 1886 trumentum
553 1839 723 1903 corruptum
743 1831 915 1884 in'l'iberim
934 1831 1013 1896 ipcit,
1032 1831 1059 1882 is
1076 1829 1175 1899 potius
1194 1829 1295 1882 minuit
1306 1841 1372 1895 qum

183 1909 324 1956 sustentet
342 1919 501 1970 munuum,
519 1903 605 1970 Ryci.
642 1901 798 1968 „Pellitur
835 1901 929 1955 Immo
946 1901 999 1972 qui
1022 1901 1206 1954 frumentum
1229 1904 1373 1967 corruptum

182 1973 301 2038 retinet,
320 1974 345 2025 is
364 1979 489 2038 ostentat,
508 1975 662 2043 penuriam
681 1989 742 2026 esse
760 1973 913 2039 frumenti,
939 1979 969 2024 et
986 1973 1174 2026 securitatem
1196 1985 1315 2024 snnouse
1330 1965 1370 2016 mi·

182 2045 258 2096 nuit.
296 2042 350 2109 Qui
374 2059 446 2098 vero
473 2044 504 2095 in
528 2041 660 2097 Tuberun
685 2051 764 2110 secut,
796 2063 821 2096 ss
841 2050 976 2109 ostentat,
1000 2051 1115 2096 tantum
1133 2041 1275 2096 frumenti
1291 2040 1372 2098 ates,

182 2121 217 2166 ut
235 2122 408 2184 corruptum
425 2115 532 2184 proiici
550 2115 653 2180 liceet;
677 2114 848 2167 securitatem
866 2128 987 2168 annonae
1004 2119 1147 2182 sustentat,
1181 2113 1211 2171 b.
1232 2130 1254 2166 e.
1271 2123 1372 2164 monte

183 2200 314 2237 securam
333 2181 431 2237 reddit
448 2185 571 2255 piebem.
606 2184 732 2239 Nolebet
750 2187 857 2258 quippe
875 2185 966 2250 Nero,
997 2182 1113 2256 plebem
1138 2201 1267 2239 uunonse
1283 2181 1373 2260 suriant

182 2270 245 2307 esse
263 2253 297 2308 ob
317 2255 574 2311 claues-externas.
603 2256 647 2310 cf.
672 2272 733 2326 cup.
751 2256 795 2310 36.
823 2255 919 2310 extr.“
939 2255 1045 2310 Wuttn
1080 2255 1259 2321 „sistentem
1282 2253 1372 2318 scripse

182 2331 217 2377 ut
233 2326 400 2378 sistentatum
423 2341 476 2398 pro
496 2333 656 2380 ostentatam
682 2343 728 2396 ep.
748 2325 839 2382 Pleut.
860 2325 947 2380 Truc.
967 2328 1105 2394 2215.
1135 2329 1169 2380 iu
1192 2326 1294 2380 duobus
1314 2317 1372 2376 MSS·

181 2396 245 2448 Vnt.
265 2404 294 2450 et
312 2396 383 2450 alibi
401 2403 563 2451 estentutum
582 2399 613 2451 in
631 2397 732 2452 eodem
755 2406 848 2469 poeta.
884 2399 977 2454 Possis
1005 2407 1102 2454 tuneu
1126 2403 1284 2452 sustentaret
1305 2393 1373 2446 inter·

181 2469 304 2536 pretori,
324 2476 513 2522 sustentatum
532 2477 733 2540 servatumque
752 2487 784 2524 ee
802 2469 917 2524 ratione
935 2471 1028 2541 ipsum
1042 2471 1210 2541 opinionem
1222 2468 1313 2539 copies
1326 2467 1373 2516 tru-

182 2541 349 2604 mentsriae,
368 2556 458 2609 quum
477 2548 507 2595 et
524 2541 555 2593 in
565 2539 695 2596 Tiberim
714 2540 854 2595 abiiceret
871 2543 1053 2596 frumentum
1072 2543 1183 2598 leviter
1200 2533 1373 2608 comptum·“

183 2609 260 2676 Lips.
297 2610 398 2664 Scribe
422 2611 464 2664 sic
490 2619 651 2666 ostentaret.-
678 2630 746 2666 nem
769 2618 922 2667 sanenture
940 2613 1077 2680 alienum,
1104 2613 1250 2666 sistemate
1277 2608 1373 2664 verbum

183 2681 504 2750 suthantunensi.
542 2681 598 2738 Sed
615 2683 656 2736 sic
674 2685 766 2760 friget
784 2691 813 2738 et
830 2684 887 2736 iam
907 2685 939 2737 in
958 2699 1007 2751 quo
1026 2687 1123 2750 inest;
1151 2685 1218 2740 ΕΜ.
1239 2711 1270 2722 -
1303 2674 1374 2730 Tidm'

68 2769 76 2774 “
147 2793 153 2800 .
182 2753 324 2806 subvectas
349 2753 407 2806 MS.
431 2753 531 2809 Guelf.
560 2753 620 2811 edd.
646 2755 708 2808 Put.
729 2761 754 2810 1.
773 2759 799 2812 2
824 2755 889 2812 Ber.
915 2754 965 2821 (ed
984 2763 1071 2826 quein
1090 2755 1179 2809 siluit
1194 2753 1283 2822 Vict.)
1302 2747 1373 2802 Rben·

183 2827 209 2880 1.
229 2825 254 2880 2
273 2827 299 2882 3.
319 2842 381 2896 sqq.
422 2825 540 2878 Tiberim
569 2841 592 2878 s.
619 2824 698 2881 MSS.
722 2827 803 2880 Flor.
832 2827 916 2910 ¹(teste
934 2826 1040 2896 Ryck.)
1065 2824 1135 2880 Bud.
1162 2827 1234 2953 iffi.
1257 2825 1298 2880 ed.
1316 2819 1374 2890 Spir.

184 2895 229 2949 cf.
250 2895 286 2950 ed
303 2897 329 2962 3,
348 2899 375 2962 8,
394 2898 423 2953 3.
443 2904 472 2951 et
489 2895 553 2949 Ind.
572 2894 611 2950 11.
632 2925 666 2936 -
701 2898 893 2966 absumpsisset
910 2897 988 2954 MSS.
1009 2900 1081 2956 Buu.
1099 2898 1166 2954 Gue
1196 2937 1203 2951 .
1229 2895 1286 2952 edd.
1302 2890 1373 2946 Rhen-

59 2977 69 2988 “
183 2968 257 3090 ff·
276 2985 339 3093 sqq.
369 2969 553 3036 asumpsisset
580 2965 643 3022 edd.
669 2967 747 3039 Spir.
771 2971 833 3024 Put.
854 2974 879 3026 1.
897 2971 926 3027 2.
950 2969 1015 3024 Ber.
1035 2970 1083 3037 (sd
1099 2988 1188 3042 mem
1205 2970 1293 3025 tenuit
1306 2959 1384 3025 viui

90 3065 94 3074 ·
231 3055 275 3092 en.
316 3080 323 3092 .

253 3113 280 3166 3.
316 3109 346 3162 t.
365 3109 496 3172 Pisonem,
518 3127 548 3163 r.
568 3113 611 3178 13,
630 3114 674 3168 31.
694 3143 727 3155 -
764 3107 928 3166 Decentium
946 3110 1089 3180 Gmisum,
1114 3115 1153 3170 cf.
1174 3113 1211 3166 11.
1232 3117 1255 3178 1,
1273 3111 1311 3164 tt.
1340 3102 1376 3154 dt·

183 3179 284 3232 renium
302 3179 360 3234 MS.
380 3183 460 3238 Pler.
479 3183 603 3235 testibus
621 3182 677 3236 luc.
697 3183 790 3240 Gron.
810 3191 839 3238 et
856 3183 954 3238 Puris.
993 3184 1126 3237 Geminum
1144 3185 1203 3239 MS.
1223 3182 1314 3239 Guelt
1329 3175 1375 3230 edi

185 3249 262 3318 Spir.
281 3252 361 3322 lips.
387 3270 447 3324 sqq.
487 3253 633 3306 Geminium
658 3253 721 3311 edd.
753 3255 815 3308 Pus
836 3259 859 3310 1.
879 3257 906 3311 2-
933 3253 999 3308 Ber.
1027 3254 1074 3320 (sd
1099 3273 1187 3326 quem
1213 3255 1292 3309 siluit
1306 3245 1376 3304 viu.)

184 3319 276 3375 Rhen.
297 3327 323 3378 1.
342 3326 368 3380 3.
387 3328 413 3380 3.
435 3324 584 3378 Gemoniom
603 3327 647 3380 ed.
665 3325 731 3383 Ald.
752 3359 785 3369 -
820 3327 969 3396 Pompeium
986 3326 1137 3391 Paulinum,
1156 3345 1186 3381 v.
1202 3327 1237 3381 sd
1249 3327 1290 3389 13,
1307 3323 1343 3385 5³2
1357 3321 1375 3371 l·

185 3422 219 3434 -
235 3391 354 3460 priorum
374 3395 534 3463 ltincipam,
551 3397 629 3467 inpr.
650 3397 811 3474 caligulae.
840 3415 868 3454 v.
889 3395 1115 3454 moecatus.
1150 3397 1296 3467 principun
1316 3389 1375 3458 W·

184 3479 241 3516 rum
260 3462 303 3520 ed.
324 3463 400 3535 Spir.
412 3481 452 3508 ·-
486 3467 553 3533 „qui
569 3468 710 3530 gravitate
727 3475 868 3535 sumptuum
886 3469 982 3534 iustos,
1003 3469 1106 3523 solitae
1126 3477 1156 3524 et
1174 3469 1264 3522 iustae
1281 3471 1376 3518 nonnae

185 3543 389 3610 congruentes,
414 3535 517 3590 reditus
534 3537 690 3602 anteissent,
717 3538 816 3594 Germ.
845 3539 1125 3594 iiberschritteu
1150 3540 1290 3603 b‘s'tten,
1318 3532 1341 3586 h.
1357 3545 1375 3582 e·

185 3605 239 3728 qui
295 3607 408 3660 sviores
428 3615 558 3676 sumptus
577 3609 724 3676 fecissent,
744 3628 831 3680 quem
849 3611 920 3664 iusti
938 3609 1049 3666 reditus
1066 3609 1268 3683 peterentur.“
1293 3599 1375 3662 Wund-

212 3677 233 3732 i.
268 3676 316 3729 nd.
334 3677 371 3729 11.
393 3694 421 3729 v.
441 3679 546 3731 anteire
564 3687 594 3732 et
611 3683 637 3744 3,
657 3683 699 3735 ⁷5.
737 3683 842 3735 reditus
867 3681 929 3736 edd.
953 3683 1018 3737 Ber.
1043 3683 1090 3745 (sd
1107 3699 1192 3754 quum
1212 3679 1293 3735 siluit
1307 3669 1377 3732 vict.)

185 3745 276 3804 Rbeu.
293 3751 320 3808 2.
339 3751 366 3806 3.
385 3765 448 3820 sqq.
470 3749 610 3826 ¹redditus
627 3749 683 3806 MS.
704 3751 803 3806 Gueli.
822 3751 886 3810 edd.
905 3751 983 3825 Spir.
1001 3755 1064 3808 Put.
1085 3759 1108 3811 1.
1126 3757 1152 3812 2.
1175 3751 1266 3808 bilsen.
1284 3755 1308 3805 1.

636 3875 828 3932 GAPU'P
864 3877 954 3936 XIX.

213 3961 220 3972 “
270 3961 534 4026 Percrebruerat
556 3983 595 4027 ea
621 3973 816 4048 tempestate
844 3963 1066 4052 pravissimus
1087 3989 1170 4043 mos,
1196 3987 1292 4053 quum
1316 3979 1378 4044 pto·

188 4045 319 4129 pinquis
351 4049 496 4110 comitiis
528 4055 587 4110 eut
619 4057 711 4114 sorte
743 4052 996 4133 provinciarum
1028 4053 1178 4136 plerique
1209 4051 1284 4112 orbi
1308 4044 1377 4106 fictis

188 4128 423 4211 adoptionibus
444 4132 646 4196 asciscerent
665 4131 753 4196 filios
773 4143 1014 4218 praeturasque
1041 4143 1075 4198 et
1095 4135 1282 4220 provincias
1306 4131 1379 4190 iuter

191 4211 309 4275 Patres
340 4215 454 4274 sortiti
494 4215 607 4276 stetim
647 4216 839 4279 emitterent
874 4237 993 4296 manu,
1031 4239 1113 4300 quos
1151 4213 1375 4297 adoptaverunt·

122 4357 125 4365 .
190 4291 316 4382 Magne
335 4315 411 4360 cum
430 4295 559 4360 invidie
578 4305 728 4362 senatum
748 4297 883 4378 adeunt,
904 4301 958 4363 ius
979 4309 1130 4379 naturae,
1162 4299 1289 4362 labores
1311 4289 1376 4356 edu·
