2814 4792
197 369 314 428 Ghuelii
331 365 481 426 Timerobi
498 365 655 424 cretensis.
673 386 702 424 r.
721 382 785 440 cep-
803 368 848 426 22.
865 365 963 440 prino.
981 399 1016 414 -
1053 369 1266 442 decernaturque
1285 387 1383 426 econa-

195 445 238 498 tio
257 443 308 510 (of.
327 441 364 496 ed
380 445 409 510 2,
427 445 472 508 ³⁷,
492 445 516 498 l.
536 447 566 494 et
584 439 618 492 ll.
637 443 664 508 t,
682 441 727 506 42,
745 437 785 506 3.)
812 445 840 494 et
862 443 975 494 neaneat
1004 441 1224 510 prouincialibus
1251 444 1384 512 potentian

195 531 277 568 raam
294 513 347 567 tali
363 513 445 568 moda
463 511 635 578 ostentandi,
653 529 682 565 v.
701 510 738 564 ed
755 526 817 582 cap.
833 513 859 568 b.
878 529 908 564 n.
920 513 947 570 2,
965 511 1020 566 teli
1037 513 1133 579 modo,
1151 517 1319 569 arcuatione
1336 533 1383 568 me·

135 587 138 594 ⁴
195 587 375 712 pisti-stum
391 583 629 656 provincialium,
660 599 717 654 que
742 580 849 636 horum
873 583 998 638 avaritie
1024 591 1054 638 et
1080 585 1203 640 iniuriae
1225 585 1382 640 cohibentur.

216 663 416 728 ecernaturque
440 657 579 710 omissum
602 655 635 707 in
657 646 716 706 MS.
744 653 828 708 corb.
857 662 887 707 et
910 670 991 708 euarn
1015 656 1047 708 in
1065 655 1123 714 MS.
1141 655 1211 712 Bud.
1246 657 1384 711 ostentandi

195 729 256 783 MS.
275 729 373 784 Guelf.
393 727 457 782 edd.
477 727 541 784 Put.
561 729 587 782 1.
606 727 716 796 2.et'1q.
740 725 908 793 optentandi
924 727 981 780 MS.
994 725 1074 784 rior.
1093 734 1159 786 test.
1177 729 1249 782 Viet.
1266 738 1292 782 et
1303 729 1382 782 l'uris.

195 801 362 856 ostendendi
380 799 424 856 ed.
443 798 520 870 Spir.
558 797 676 864 „Malim
694 799 872 861 decernatur,
891 813 925 850 ne
942 804 1055 851 maneat
1074 806 1140 866 eet,
1164 801 1221 853 nisi
1245 818 1295 872 per
1311 799 1383 852 ironi-

196 891 242 926 am
265 873 337 926 bueo
362 871 440 925 dicte
466 869 561 941 capies
585 877 614 923 et
638 869 773 924 simulate
806 867 927 940 quedem
954 870 1170 924 eoncessione.“
1202 869 1277 941 lips.
1310 871 1382 924 immo

195 945 334 998 maiorem
353 943 384 996 in
403 941 483 1018 vulg.
502 942 565 994 eim
584 958 655 1006 esse,
675 939 733 994 iam
752 940 1019 994 animadverterunt
1036 940 1112 993 Pieln
1126 941 1258 999 Freinsln
1269 943 1312 996 Ob.
1326 943 1381 994 Ern.

196 1048 230 1060 -
249 1015 300 1068 red
317 1015 380 1068 laur
397 1014 474 1079 talea
492 1018 521 1066 et
536 1012 668 1081 precibus
685 1027 820 1079 espreeea
835 1011 958 1080 perinde
975 1013 1015 1078 (v.
1035 1012 1070 1065 ed
1088 1015 1115 1078 ³,
1134 1016 1179 1080 17,
1201 1014 1244 1084 1.)
1261 1012 1382 1068 cohibean-

195 1093 242 1142 tur
259 1093 314 1142 cet·
334 1085 378 1142 cf.
398 1085 434 1138 nd
451 1100 475 1137 o.
495 1085 539 1140 oo.
557 1101 587 1136 ιι.
607 1088 633 1139 1.
669 1081 842 1144 cohibeatur,
869 1082 927 1139 MS.
955 1082 1054 1137 Guelf.
1074 1099 1090 1136 a
1107 1102 1145 1138 m·
1173 1102 1227 1139 sec·
1245 1093 1276 1138 ut
1291 1083 1382 1140 volebat

195 1157 351 1214 Acidalius.
388 1155 443 1225 „Si
460 1153 585 1226 pluralis
602 1171 690 1210 verus
709 1162 764 1220 est,
781 1154 951 1210 referendus
972 1155 1061 1209 simul
1078 1154 1114 1210 ed
1141 1155 1279 1210 malitiam
1295 1164 1321 1210 et
1334 1173 1382 1208 eru·

195 1227 372 1286 delitatem.“
394 1228 464 1284 Ern.

265 1305 291 1358 2.
316 1300 406 1354 Plura
429 1301 685 1367 erepepeceantue
703 1327 736 1342 -
754 1295 883 1353 animae.-
912 1297 1011 1366 „lineo
1036 1297 1071 1354 de
1095 1299 1179 1355 vitiis
1204 1305 1233 1353 et
1249 1299 1381 1353 virtutibus

196 1371 436 1450 quem-grandin!
474 1385 560 1440 quem
578 1369 706 1424 Thrasea
729 1371 871 1442 virilique
890 1370 952 1424 eius
974 1371 1092 1471 inperio
1112 1371 1216 1448 digne!
1249 1369 1325 1424 Nihil
1339 1369 1382 1423 tale

195 1461 315 1514 quaeres
334 1443 409 1520 apud
427 1439 574 1508 Seneeem,
594 1440 666 1496 licet
684 1442 716 1494 in
734 1442 771 1496 iis
791 1444 830 1496 sit
846 1442 1002 1512 plurimus.
1049 1442 1134 1499 Brot.
1156 1471 1188 1482 -
1225 1443 1381 1497 deterremur:

195 1515 229 1568 in
252 1515 310 1571 MS.
337 1519 409 1590 Agr.
444 1527 589 1569 oneremur.
614 1545 647 1557 -
684 1513 751 1566 dum
783 1512 965 1579 offendimur.-
996 1512 1027 1565 in
1046 1513 1223 1584 quibusdem
1247 1511 1302 1570 edel.
1324 1513 1380 1564 med

196 1603 258 1673 earn
274 1588 322 1653 off.
343 1617 375 1630 -
413 1585 556 1667 Quaedam
580 1584 665 1638 imma
681 1584 804 1638 virtuter
821 1585 1046 1661 magistratuum
1068 1584 1137 1638 odio
1158 1593 1223 1639 eunt
1249 1601 1284 1640 eo.
1305 1577 1381 1659 uulgo·

196 1655 735 1797 &sdiiiiiilzri'iiu‘f‘issi‘
748 1659 972 1798 titini
990 1657 1209 1784 'iue‘i'i‘i'im
1233 1656 1381 1782 iiiiii

195 1798 747 1928 tti‘fttftsntfttt‘‘el
760 1799 814 1924 tl
832 1816 904 1926 “ili
919 1801 1070 1936 {itini
1089 1802 1301 1940 stitit:
1311 1795 1381 1930 iti

195 1943 287 1998 Rhen.
308 1950 334 2000 1.
354 1947 379 2000 2.
399 1945 425 2000 8.
444 1960 536 2013 usque
553 1943 589 1997 ed
606 1941 678 1995 Ern.
698 1941 877 2012 aequabilior
892 1941 949 1996 MS.
968 1941 1040 2018 Agr.
1060 1941 1123 1997 edd.
1144 1941 1223 2014 Spir.
1241 1943 1306 1996 Ern.
1323 1941 1380 1992 Brut

196 2012 1205 2157 tet.futtilitatis“ttttl'f‘ttt‘tttttst’ffi
1216 2013 1282 2138 Ὗ.
1299 2011 1381 2136 tlt

196 2157 254 2212 MS·
273 2143 342 2234 Rep.
363 2187 396 2199 -
432 2161 582 2222 regennae
601 2157 632 2209 in
651 2153 694 2208 ed.
713 2121 792 2225 Spin?
810 2163 988 2224 regerentur,
1007 2159 1039 2208 in
1057 2155 1115 2210 MS.
1135 2157 1236 2212 Guelf.
1263 2101 1379 2224 roqgeetrr·

195 2227 359 2296 gratiamm
382 2226 499 2292 aeliane,
520 2244 548 2279 v.
567 2226 602 2279 nd
620 2243 646 2279 o.
664 2228 709 2282 2⁰·
733 2244 762 2279 ιι.
783 2231 807 2282 1.
829 2258 862 2270 -
898 2225 1044 2280 cohibetur
1067 2243 1170 2282 omnes
1195 2225 1268 2282 uss.
1291 2236 1316 2281 et
1335 2221 1380 2277 eut

196 2307 253 2356 vet.
289 2295 462 2351 cohibebitnr
480 2295 542 2353 edd.
567 2297 640 2352 Ern.
660 2313 724 2367 sqq.
748 2313 763 2351 e
782 2298 948 2354 coniectura
965 2297 1075 2371 lipsii.¹
1101 2297 1160 2355 Sed
1186 2299 1272 2356 lectio
1290 2298 1389 2367 nuqua

196 2387 256 2426 non
274 2377 317 2426 est
335 2365 413 2442 quod
430 2367 585 2442 displiceat
603 2374 633 2424 et
650 2369 826 2445 corrigetur.

629 2510 821 2566 CAPUT
860 2513 977 2568 xxti.

279 2603 406 2691 Magno
439 2621 573 2666 assensu
603 2601 768 2665 celebrata
800 2607 979 2667 sententie:
1018 2625 1086 2668 non
1126 2613 1239 2670 tamen
1277 2609 1380 2670 senetur

197 2689 386 2753 consultum
406 2687 522 2771 perfiet
543 2687 664 2770 potuit,
686 2687 906 2748 abnuentibus
928 2691 1119 2754 oonsulibus
1141 2711 1181 2753 ea
1201 2689 1242 2753 de
1261 2707 1297 2751 re
1315 2685 1380 2747 rele-

106 2822 114 2840 .
196 2781 279 2836 tum.
327 2769 412 2834 Mox
444 2777 582 2832 auctore
612 2769 768 2851 Principe
799 2789 948 2848 sanxere,
981 2792 1023 2834 ne
1054 2774 1128 2855 quis
1161 2773 1204 2836 ad
1235 2771 1381 2834 concilium

197 2859 366 2920 sociorum
398 2857 544 2916 referret
570 2849 713 2937 agendas
740 2849 827 2934 apud
853 2862 1005 2916 senatum
1030 2856 1302 2939 propraetoribus
1324 2869 1381 2934 pro·

196 2936 433 3003 veeonsulibue
453 2943 577 3022 grates,
599 2954 665 2996 neu
686 2935 758 3015 quie
779 2953 818 2996 ee
844 2935 1011 3023 legatione
1039 2941 1249 3024 fungeretur.
1287 2931 1382 2998 lisdem

198 3021 388 3086 consulibus
410 3019 618 3106 gymnasium
639 3019 709 3078 ictu
737 3017 885 3081 fulminis
913 3021 1134 3107 conflagravit
1162 3023 1335 3108 effigiesque
1356 3017 1382 3074 iu

197 3127 237 3169 eo
259 3103 406 3167 Neronis
427 3099 469 3164 ad
490 3103 634 3162 informe
655 3119 709 3162 ees
731 3100 914 3182 liquefacta.
956 3103 998 3164 Et
1018 3115 1112 3168 motu
1140 3117 1254 3168 terrae
1277 3100 1381 3166 celebre

198 3189 438 3270 Campenieeo
486 3182 579 3250 idum
600 3183 751 3265 Pompeii
772 3203 890 3270 magne
910 3204 952 3247 ex
972 3195 1068 3268 parte
1094 3191 1243 3270 proruit
1282 3185 1388 3248 Detur-¹

196 3281 315 3354 utaque
335 3270 432 3354 virgo
480 3267 592 3330 estelis
609 3267 735 3346 Laelia,
755 3267 791 3328 in
812 3269 906 3331 euius
926 3269 1036 3332 locum
1048 3269 1206 3334 Cornelia
1226 3289 1266 3334 ex
1283 3265 1382 3331 familia

131 3412 137 3422 .
197 3355 377 3419 Cossorum
399 3359 495 3432 eapte
516 3358 576 3413 est.

268 3441 293 3492 l·
313 3428 816 3500 ”⁰²¹¹“m0’1301mt’0ffi02't’05'i1'12
836 3433 1027 3502 abnuentibae,
1046 3435 1212 3500 consulibua·
1228 3430 1380 3511 negantibus,

196 3505 360 3564 dicentibus
373 3520 432 3558 non
442 3519 475 3557 ea
486 3503 519 3556 de
530 3519 562 3556 re
574 3504 692 3556 relatam
701 3520 772 3557 esse.
786 3503 830 3558 lta
842 3507 977 3562 nonnulli
992 3507 1233 3578 interpretentur.
1246 3500 1382 3562 SedScbei·

196 3583 276 3636 ferus
295 3579 327 3631 in
344 3576 452 3632 Anecd.
472 3574 546 3628 obss.
565 3573 648 3629 miso.
673 3573 706 3625 Τ.
725 3577 751 3632 8.
776 3593 807 3645 p.
826 3579 887 3633 292.
916 3579 958 3631 sic
983 3579 1251 3656 interpungendum
1272 3575 1381 3650 putebat:

196 3651 367 3706 canentibus.
404 3647 449 3700 Ea
473 3645 508 3698 de
532 3661 564 3698 re
586 3645 705 3698 relatam
730 3662 795 3700 enos
818 3655 933 3702 auctare
957 3647 1099 3718 Principe.
1135 3651 1269 3716 Sanrere,
1292 3665 1321 3701 ne
1341 3651 1381 3696 cet.

197 3724 243 3778 lta
267 3721 311 3776 ed.
337 3719 414 3790 Spir.
440 3718 498 3769 nisi
527 3715 604 3786 quod
630 3717 662 3769 in
688 3735 720 3770 ea
745 3717 834 3772 latam
857 3737 911 3792 pro
939 3721 1070 3775 relatura.
1107 3721 1247 3786 „Fmstn
1264 3737 1314 3774 nec
1329 3713 1382 3769 setis

196 3816 213 3850 e
234 3801 273 3848 te.
292 3793 370 3850 ¹Mas
388 3804 493 3844 novem
511 3788 686 3842 sententiam
705 3789 813 3864 incipit
841 3798 871 3844 et
888 3791 1009 3844 relatum
1032 3791 1210 3849 substantive
1228 3793 1338 3852 dietum,
1358 3789 1382 3834 ut

227 3871 279 3932 .1,
297 3868 340 3922 3⁰.
359 3863 396 3916 G.
415 3863 440 3918 3.
469 3877 544 3929 quen
653 3859 711 3913 elio
735 3878 827 3914 sensu.
863 3862 983 3916 lictatur
1010 3871 1054 3918 est
1079 3865 1189 3918 fectum
1210 3865 1243 3918 in
1260 3866 1381 3917 concreto,

197 3937 300 3992 relatio
323 3937 362 3990 in·
377 3931 546 3986 abstracto,“
575 3929 680 3988 Waltit.
715 3931 760 3985 ct.
779 3932 814 3986 ed
838 3935 865 3998 2,
884 3937 930 4002 33,
949 3937 975 3990 2,
996 3941 1030 3974 ..¹.
1065 3951 1192 4002 gamm,
1223 3952 1256 3989 m
1278 3924 1383 4004 quirat

112 4043 120 4056 ·
197 4009 346 4064 concilium
364 4003 503 4059 sociorum
521 4003 642 4069 referret
670 4003 796 4072 agendae
813 4006 888 4073 apud
912 4012 1041 4060 renatam
1061 4007 1292 4076 propraetoribus
1304 4014 1383 4074 prov?-

197 4081 355 4135 eoaeaiibue
377 4082 486 4144 grates,
516 4091 568 4128 nea
591 4039 654 4144 quil
678 4091 710 4128 ea
736 4075 878 4144 legatione
900 4077 1078 4146 fungeretur,
1108 4096 1136 4131 v.
1160 4079 1195 4132 ad
1218 4095 1242 4131 c.
1260 4081 1301 4134 22.
1324 4091 1347 4128 ιι.
1363 4073 1387 4132 1-,

197 4152 348 4208 emiliam
366 4147 409 4204 οὗ·
429 4145 506 4224 Spir-
526 4145 571 4200 Cf·
596 4143 631 4199 etl
648 4145 682 4199 G·
708 4151 751 4204 11.
774 4165 803 4200 n·
823 4149 849 4203 2.
883 4149 1150 4218 propaeeonealibae
1167 4167 1242 4207 corr.
1261 4147 1341 4202 vales
1357 4139 1387 4194 sd

197 4223 341 4278 ΛΜΨ·
361 4221 446 4274 Mffli·
466 4219 511 4280 3⁰³
530 4219 555 4274 5·
594 4215 674 4284 Quod
697 4236 764 4274 sane
789 4220 898 4288 aptius:
929 4238 997 4274 nem
1023 4221 1058 4276 de
1081 4221 1213 4293 utrisque
1238 4221 1300 4292 psri
1315 4211 1382 4270 ruodo

198 4305 333 4364 cavetur-3
351 4293 422 4352 Era.
444 4287 502 4346 Sed
518 4307 547 4346 r.
566 4287 602 4345 ed
619 4291 647 4356 ³,
665 4291 710 4355 ⁶7,
728 4296 754 4346 1.
773 4298 802 4345 et
820 4291 855 4346 G.
874 4293 901 4348 4.
919 4309 951 4346 ιι.
970 4294 996 4352 6.
