2854 4788
285 207 428 274 curuo
449 211 489 277 11.
514 211 572 276 111.
597 213 649 276 u.
673 209 712 311 o.
735 214 806 280 ers.
836 213 875 277 a,
900 213 935 278 c.
958 215 1025 293 ss.)
1205 219 1268 284 eos

42 375 103 428 Riv.
124 377 189 430 Ber.
209 373 302 430 liben-
323 381 348 434 l.
365 393 411 446 pr.
431 383 510 432 terra
530 376 593 431 edd.
613 375 704 432 Rhen.
722 381 748 434 2.
768 381 794 434 ³.
814 378 879 433 Ald.
894 379 1008 452 Grypb.
1024 398 1071 451 pr.
1089 389 1183 437 terras
1200 383 1263 437 edd.

43 447 122 517 lips.
142 447 228 504 Grut.
254 446 336 501 Picb.
358 467 420 520 sqq.
449 449 484 504 ad
506 449 578 504 Ern.
617 465 715 510 nocuas
743 452 899 505 ubertatem
921 455 1072 521 mooenire
1098 460 1178 507 terra
1205 452 1263 508 MS.

42 519 112 594 ligr.
151 519 269 584 „lmmo
288 535 360 572 aava
377 522 505 574 ubertate
519 521 666 589 merenies
684 529 793 575 terram
811 532 854 576 est
872 524 911 580 id.
932 524 979 594 qd.
999 541 1076 579 novo
1095 543 1202 608 genere
1220 529 1265 580 le-

43 599 87 642 tns
108 607 172 644 esse
189 591 345 644 fecundam
370 600 399 646 et
425 592 566 648 fertilem.
598 592 647 647 Sic
666 609 750 666 quum
768 596 835 649 bene
853 604 882 648 et
899 601 975 648 recte
989 597 1151 664 mosanarii
1168 613 1264 666 quasn-

43 677 93 731 que
113 677 144 714 es
165 667 246 714 aucta
265 661 365 715 liberis
391 662 484 716 Plaut.
512 663 599 716 Truc·
618 667 647 731 2,
666 668 693 731 t,
712 669 756 721 33.
779 674 808 720 et
825 668 852 732 2,
871 670 899 731 o,
918 667 982 722 aad
1007 667 1094 720 Grau.
1132 667 1262 735 „llectes

39 731 188 800 provenire
209 741 253 786 est
271 733 323 786 Gr.
344 739 502 804 προχωρεῖν
521 743 550 788 et
568 735 645 792 Gall.
662 736 845 805 prosper-affl
865 735 968 793 Waltb.
998 737 1143 803 „Verbum
1165 755 1263 807 prooe-

43 806 107 858 m're
125 806 245 874 proprie
264 805 375 858 dicitur
393 805 428 860 de
448 807 493 872 iis,
513 824 586 876 quae
604 814 684 861 terra
701 808 848 878 producit,
869 817 897 862 et
915 809 949 863 ab
967 809 1015 863 his
1033 808 1070 863 ad
1094 811 1188 880 ipsam
1204 816 1265 863 ter·

41 893 101 928 ram
130 879 319 941 transfertur,
343 884 376 928 ut
400 878 493 930 omnia
508 877 603 947 plenis
621 895 690 932 rura
708 884 807 931 natant
824 877 914 947 fariis
932 897 976 950 ap.
995 883 1078 956 virg.
1099 883 1149 936 Ge.
1161 886 1186 946 l,
1199 884 1262 939 3⁷2·

41 949 94 1000 Per
118 949 323 1022 cognationem
353 949 484 1018 positum
512 957 555 1004 est
577 965 632 1019 pro
655 951 810 1016 abundare,
841 949 982 1005 scatere.“
1010 951 1094 1005 ltotlt.
1131 951 1171 1006 ad'
1193 951 1263 1078 Ἣ.

40 1037 69 1088 p.
89 1019 152 1072 tot.
174 1026 204 1070 et
221 1020 253 1072 in
272 1027 383 1088 quaest.
403 1037 496 1096 gram.
517 1021 644 1085 (Nauem
661 1022 773 1075 Archiv
791 1025 844 1080 stis·
860 1022 935 1076 Phil.
956 1041 984 1075 u.
1004 1023 1104 1100 Piidag.
1125 1041 1150 1076 a.
1172 1025 1205 1079 le
1242 1026 1264 1092 ·)

39 1107 68 1158 p.
88 1091 133 1143 39.
156 1121 189 1131 -
208 1091 306 1144 obuias
324 1107 389 1158 opes
407 1092 517 1158 deterre
536 1092 611 1156 deos,
632 1101 665 1146 ut
683 1094 716 1146 in
734 1109 822 1146 aureo
841 1093 964 1148 saeculo.
984 1093 1089 1160 aduae,
1109 1097 1147 1150 ct.
1160 1100 1266 1151 notat.

40 1193 72 1202 -
93 1159 220 1214 minore.-
238 1161 270 1214 in
289 1160 346 1216 MS.
367 1162 447 1217 Flor.
467 1163 552 1226 (teste
570 1163 658 1224 Vict.)
677 1173 707 1217 et
726 1163 770 1220 ed.
790 1163 867 1235 Spir.
886 1164 1018 1220 minores.
1050 1164 1085 1217 ln
1102 1164 1158 1228 hac
1175 1165 1264 1218 etiam

40 1231 97 1282 atii
114 1247 169 1300 pro
188 1232 257 1286 alia.
277 1264 309 1274 -
329 1233 450 1287 seruilia
467 1235 619 1302 fingebant,
637 1235 720 1301 falsa,
740 1235 837 1305 qualia
855 1237 933 1290 servi
959 1235 1073 1290 subdoli
1098 1244 1128 1290 et
1146 1235 1263 1290 auribus

38 1303 153 1356 domini
172 1304 332 1358 servientes
351 1305 462 1379 fingere
481 1304 592 1373 solent;
610 1307 676 1375 Bip.
715 1305 886 1360 Commenta
903 1307 1015 1377 putida,
1034 1308 1170 1384 ingenuis
1188 1307 1262 1360 viris

41 1375 103 1428 indi
147 1391 179 1441 ας
197 1375 301 1442 Miller.
320 1392 426 1429 racem.
452 1379 494 1432 16.
531 1377 598 1432 Post
615 1377 743 1431 «seruilia
768 1376 909 1433 excidisse
934 1378 1053 1447 ingenia
1081 1375 1263 1448 suspicaban-

40 1456 91 1499 tur
105 1393 227 1515 {ipsius
246 1447 364 1529 ettltlrn.
393 1475 427 1486 —
451 1450 546 1501 securi
567 1450 602 1502 de
620 1449 763 1516 facilitate
786 1448 927 1503 credentis
944 1449 1070 1503 Neronis
1098 1449 1210 1503 dictum
1230 1465 1263 1503 eo

40 1535 125 1572 sensu
144 1534 202 1588 quo
221 1518 303 1584 faesia
322 1517 490 1585 feninorum
507 1521 678 1576 credulitate
696 1521 735 1575 ad
751 1521 863 1590 gaudia
881 1523 925 1587 14,
943 1523 970 1578 t.

491 1679 683 1736 CAPUT
746 1679 814 1738 lll.

122 1783 292 1850 Gliscebat
312 1787 447 1849 interim
468 1775 603 1850 luxuria
630 1807 688 1868 spe
709 1788 801 1849 inani
829 1788 1176 1871 consumebanturque
1204 1809 1264 1851 ve-

38 1877 128 1930 teres
158 1889 249 1951 opes,
276 1871 368 1953 quasi
400 1868 534 1940 oblatis,
572 1887 652 1950 quas
678 1868 801 1930 multos
828 1888 891 1951 per
916 1888 1020 1931 annos
1055 1871 1261 1957 prodigeret.

37 1953 128 2014 (luin
156 1960 190 2013 et
210 1950 288 2015 inde
315 1953 380 2012 iam
413 1950 638 2026 larciebatur3
666 1959 701 2012 ct
721 1949 918 2014 divitiarum
950 1953 1151 2034 exspectatio
1173 1955 1286 2013 inter·

35 2053 153 2130 causaq
174 2037 380 2116 paupertatis
401 2003 554 2117 publicae
574 2041 656 2096 erat.
698 2032 786 2094 Nam
807 2033 939 2111 Bassus,
962 2037 1081 2096 effosso
1097 2053 1180 2122 agro
1201 2051 1263 2098 suo

36 2119 181 2199 latisque
203 2119 330 2178 circum
352 2121 455 2196 arvis,
478 2116 558 2178 dum
579 2116 669 2177 bunc
690 2117 742 2178 vel
764 2116 859 2177 illum
881 2117 989 2178 locum
1011 2119 1170 2199 promissi
1190 2136 1263 2198 spe-

35 2221 96 2261 cus
117 2208 286 2262 asseverat
306 2209 557 2284 sequunturque
577 2219 645 2260 non
666 2198 766 2261 modo
783 2199 918 2271 milites,
940 2197 998 2261 sed
1010 2199 1152 2282 populus
1166 2218 1262 2286 agre·
1346 2245 1351 2252 .

33 2288 141 2345 stium
163 2281 337 2345 efficiendo
360 2285 457 2366 operi
476 2291 676 2366 assumptus,
697 2280 832 2344 tandem
853 2283 962 2364 posita
993 2281 1165 2362 vecordia,
1194 2301 1261 2344 non

34 2368 121 2429 falsa
153 2375 251 2430 antea
276 2369 404 2427 somnia
425 2384 486 2427 sua
507 2385 606 2447 seque
634 2373 715 2426 tunc
746 2367 893 2447 primum
921 2365 1050 2428 elusum
1077 2365 1260 2440 admirans,

34 2448 203 2531 pudorem
225 2457 258 2510 et
279 2457 403 2510 metum
425 2458 534 2510 morte
555 2448 745 2510 voluntaria
777 2448 903 2532 effugit.
946 2445 1088 2510 Quidam
1108 2449 1260 2510 vinctum

34 2553 74 2594 ac
103 2552 184 2594 mox
210 2532 381 2596 dimissum
410 2529 592 2608 tradidere,
627 2528 789 2612 ademptis
815 2528 911 2591 bonis
939 2531 975 2590 in
1004 2529 1115 2592 locum
1148 2531 1261 2616 regiae

32 2635 151 2704 gazae.

108 2721 135 2772 1.
155 2715 297 2770 Gliscebat
316 2713 433 2770 interim
451 2713 568 2770 luxuria
586 2713 713 2770 Neronis
731 2728 779 2783 spe
797 2711 880 2766 inani
896 2731 913 2768 a
930 2705 1110 2766 Easso‘tacta
1136 2717 1176 2777 (s.
1196 2727 1259 2782 cap.
1352 2717 1354 2724 '

33 2793 59 2844 l.
79 2787 124 2853 2.)
149 2789 434 2857 consumebanturque
459 2795 566 2843 veteres
589 2802 657 2855 opes
679 2793 733 2840 cet.
762 2786 839 2838 unde
869 2791 932 2838 orta
954 2788 1110 2853 paupertas
1134 2782 1257 2850 publica.

33 2860 114 2924 Quae
138 2858 291 2913 referenda
316 2859 352 2914 ad
384 2858 502 2913 domum
529 2875 662 2923 auream,
693 2857 838 2928 piscinam
862 2859 1026 2926 fossamque
1048 2854 1182 2908 Neronis.
1211 2853 1257 2906 ct.

33 2929 116 2985 Suet.
135 2931 204 2984 Nec.
224 2947 249 2984 c.
268 2935 311 2988 31.
333 2963 364 2974 -
384 2932 497 2996 ablotis,
516 2948 544 2986 v.
565 2929 601 2983 ad
619 2945 680 3053 cap).
700 2931 725 2984 2.
746 2947 775 2982 n.
797 2934 820 2985 1.
839 2929 902 2981 Vox
921 2927 1027 2982 omissa
1045 2923 1257 2999 intlaesam

32 3011 63 3056 et
82 3001 160 3056 male
176 3019 229 3070 per
245 3003 347 3057 multas
365 3017 454 3056 annos
472 3005 504 3056 in
522 2998 579 3057 MS.
600 3001 660 3055 Cor
679 3039 686 3053 .

105 3076 134 3128 2.
160 3073 269 3128 Bassus
295 3076 396 3140 effosso
422 3081 452 3128 et
474 3075 605 3145 perfosso
632 3089 706 3141 agro
735 3089 786 3127 aaa
807 3103 838 3116 -
859 3075 1034 3140 assumptus:
1077 3065 1260 3136 „simillima

32 3144 165 3199 stultitia
183 3145 312 3216 Pompeii
330 3147 494 3200 exereitum
514 3145 627 3208 incidit,
647 3161 736 3214 quum
756 3145 783 3198 is
801 3143 950 3198 iraeadem
968 3139 1069 3195 Africa
1087 3137 1257 3194 contrella·

30 3219 155 3270 initium
175 3225 205 3271 et
222 3217 337 3271 larbam
356 3217 515 3298 militaret:
535 3233 603 3268 nam
621 3233 710 3285 quum
730 3216 846 3285 quidam
866 3213 1018 3268 thesauros
1045 3210 1161 3284 aliquos
1189 3227 1258 3264 casu

29 3289 225 3358 reperissent,
243 3290 326 3342 luere
343 3290 396 3358 qui
414 3288 547 3342 dicerent
565 3288 840 3358 persuaderentque,
868 3293 962 3339 totum
987 3299 1053 3338 esan
1071 3283 1169 3336 locum
1194 3279 1259 3335 auri

52 3360 158 3414 lenum
177 3377 193 3413 a
211 3358 340 3416 cladibus
359 3360 520 3413 Poenorum
538 3359 580 3411 ibi
599 3357 738 3428 repositi3
762 3367 850 3426 atque
868 3357 910 3410 ita
928 3353 1011 3408 miles
1039 3353 1140 3406 avidus
1159 3352 1194 3404 ad
1211 3355 1257 3405 to·

52 3429 174 3484 ‘endum
193 3448 223 3483 se
240 3429 320 3484 dedit
337 3447 393 3500 per
409 3430 510 3501 plures
529 3429 601 3497 dies,
631 3429 769 3498 Pompeio
787 3427 900 3482 ridente
919 3425 1007 3484 simul
1026 3431 1056 3478 et
1073 3422 1256 3498 indignante,

27 3511 146 3555 tantam
166 3501 249 3554 illam
267 3499 487 3556 multitudinem
506 3501 595 3556 stulta
612 3500 735 3554 avaritia
754 3507 782 3554 et
800 3498 899 3553 labore
921 3495 1053 3572 fatigari,
1077 3493 1170 3548 donec
1192 3501 1258 3547 tan·

28 3574 102 3628 dem
120 3573 192 3627 fessi
211 3581 240 3627 et
258 3573 340 3626 irriti
359 3571 535 3627 clamarent:
555 3572 668 3626 duceret
686 3571 747 3624 iam
763 3587 819 3640 quo
835 3569 934 3633 vellen
960 3565 1037 3620 eatis
1054 3580 1085 3619 se
1101 3579 1258 3634 poenarum

27 3643 180 3698 stultitiae
198 3659 266 3698 suae
284 3643 406 3697 dedisse.
425 3662 455 3699 v.
475 3644 551 3698 Plut.
571 3644 669 3714 Pomp.
689 3660 714 3696 e.
733 3641 796 3697 ll.“
814 3639 892 3710 Lips.
912 3671 946 3696 -,-
964 3636 1035 3692 buac
1053 3637 1098 3692 sei
1114 3636 1196 3689 ittam
1213 3634 1257 3688 lo·

28 3733 96 3770 aem
113 3715 253 3784 promissi
270 3731 366 3784 mnus
384 3713 441 3768 MS.
460 3716 540 3770 Flor.
560 3716 646 3779 (teste
665 3713 724 3769 lac.
744 3711 849 3778 Gron.)
868 3711 931 3768 edd.
951 3710 1018 3764 Ber.
1043 3708 1091 3774 (ad
1108 3711 1195 3777 quand
1214 3713 1256 3760 ta·

27 3790 97 3840 cuit
121 3785 213 3852 Vict.)
238 3783 329 3842 Rhen.
350 3791 374 3842 1.
398 3790 425 3842 2.
444 3791 463 3844 S
481 3805 543 3869 sqq.
576 3783 649 3838 bunc
672 3786 717 3839 oet
739 3785 821 3837 iilum
848 3784 938 3838 locum
960 3780 1054 3850 pomi
1076 3793 1173 3847 specus
1196 3776 1254 3831 MS.

29 3859 105 3912 Bud.
127 3857 192 3912 edd.
211 3859 274 3914 Put.
295 3865 319 3916 l.
338 3861 365 3912 2.
378 3860 382 3871 '
393 3856 444 3912 loc
460 3859 504 3912 oet
520 3859 572 3910 ello
591 3857 650 3912 loco
666 3855 761 3925 moini
778 3871 876 3924 specus
899 3850 977 3937 MSS.
1003 3848 1086 3904 llarl.
1105 3867 1123 3903 a
1141 3864 1179 3904 m.
1199 3863 1256 3902 sec.

28 3930 114 3982 Bodl.
142 3929 243 3982 Guelf.
272 3927 340 3983 laec
365 3931 410 3982 vel
436 3929 487 3984 illo
508 3931 568 3984 loco
588 3927 686 3998 promi
709 3944 751 3996 ap.
779 3924 857 3980 MSS.
882 3923 964 3980 llari.
990 3938 1070 3992 apr.
1090 3937 1130 3973 m.
1149 3926 1180 3974 et
1198 3919 1256 4001 les.

27 4001 105 4054 dunc
121 3999 168 4053 nel
184 3999 266 4052 illum
285 4002 374 4054 locum
391 3999 468 4058 MSS.
496 4001 569 4078 Reg.
643 4018 667 4052 r.
696 3997 739 4054 ed.
760 3995 837 4069 Spir.
858 3995 972 4052 omissis
998 3991 1096 4046 verbis
1116 3989 1254 4074 promissa

25 4073 389 4206 dlpSmd'ioffiiebdnliidb.
399 4069 931 4212 roetdlili‘ddifddd.ri'ibbi-sqiqoflus(tqblidz
940 4070 1253 4216 adagimwdbddablbusq

26 4215 104 4270 Bud.
124 4213 224 4268 Guelt.
242 4214 306 4270 edd.
325 4221 392 4269 ante
410 4212 489 4270 l’icb.
508 4215 594 4285 idque
612 4221 781 4268 revocatum
798 4212 833 4266 ab
842 4211 914 4265 Ern.
930 4216 959 4261 et
968 4224 1030 4276 sqq.
1050 4211 1083 4256 ut
1094 4202 1253 4257 multitudo

25 4287 245 4356 ὀμοιοτὼύτων
263 4285 416 4342 vitaretur.
453 4285 531 4341 llaec
555 4291 654 4341 umen
677 4301 737 4340 non
764 4283 891 4340 insolita.
917 4278 962 4336 ct.
983 4275 1046 4333 lnd.
1067 4275 1122 4332 lll.
1148 4294 1175 4330 v.
1196 4273 1253 4328 lla·
