2872 4786
246 198 388 266 CAPUT
408 199 532 266 XXIII.
553 200 680 268 XXIV.
701 201 754 282 (A.
766 203 804 269 U.
817 203 890 272 819.
910 147 951 275 A
963 200 999 272 (i.
1011 206 1077 289 66.)
1211 157 1278 276 497

59 365 655 440 113.(14411.14444041114444141444.
684 369 742 424 iam
765 369 822 424 eidi
849 370 953 425 Torius
976 370 1098 428 6461444
1123 372 1184 427 edd.
1209 375 1272 430 141.

59 449 85 498 1.
104 445 132 498 2.
151 441 218 496 Bar.
237 439 285 509 (44
303 459 390 514 quam
407 442 500 496 tacuit
517 440 605 507 vict.)
623 440 716 500 Rhen,
736 446 762 497 1.
780 446 806 498 2.
825 445 851 499 3.
871 443 936 496 414
957 452 986 498 41
1005 445 1048 499 414
1067 445 1273 501 1641444311.

58 532 106 584 pr.
126 515 159 566 in
178 513 239 568 edd.
258 519 317 586 vet.
355 512 436 567 idem
454 514 487 566 in
504 511 560 569 MS.
579 513 659 569 Flor.
690 513 764 590 leg-it
782 514 839 568 144.
858 515 1034 582 Gronovius,
1063 515 1112 570 sed
1137 517 1195 569 iam
1217 515 1275 570 4141

58 585 153 638 toriae
170 584 288 638 4441444
307 591 337 639 41
352 583 418 640 nl
440 593 469 638 et
486 601 547 654 cap.
567 588 612 641 36.
631 584 731 641 Furia.
751 586 810 638 iam
826 585 979 641 sabitorins
996 585 1073 639 MSS.
1093 589 1154 642 Vat.
1173 587 1274 642 Guelf.

58 656 105 711 ed.
124 654 201 728 Spir.
229 655 351 710 8441444
375 656 513 708 omissum
539 657 571 708 in
589 653 645 709 MS.
670 655 741 710 Bud.
767 656 1088 712 014111441448441444
1111 659 1185 712 coni.
1204 649 1273 729 Bip.

58 727 130 782 4411.
152 733 195 793 13,
212 730 256 785 28.
277 758 310 768 -
325 731 492 796 poposcerat
509 743 595 793 rema,
615 729 804 781 accusandum
823 727 1001 799 sumpserat,
1021 745 1055 782 es
1076 729 1274 798 proconsulatu

58 798 434 866 Α4144,4.4413,62,1.
472 827 504 838 -
532 798 599 869 4414
621 802 720 868 portui
737 799 921 868 Ephesiorum
945 800 1097 868 aperiendo
1115 816 1212 854 earam
1228 798 1275 854 in·

58 876 227 938 sumpserat,
248 873 286 926 41.
306 869 341 923 44
359 874 386 936 6,
405 873 450 934 32,
471 870 495 926 1.
518 879 548 924 et
565 868 626 926 144.
647 870 701 926 111.
721 889 748 924 v.
770 871 913 925 Geraadia
937 871 1091 927 14441144.
1118 903 1151 914 -
1177 869 1276 940 proli·

59 942 153 995 dentis
169 941 309 995 Acratum
329 941 465 994 Caesarie
484 941 613 994 libertum
631 947 740 994 4141444
764 948 791 996 et
812 943 943 1012 picturae
970 941 1096 1009 4444444,
1120 960 1148 996 s.
1172 943 1276 1009 4416,

59 1015 107 1080 46,
129 1017 152 1068 l.
189 1015 328 1067 Acratum
345 1011 422 1069 MSS.
441 1013 520 1066 Tlor.
541 1012 637 1068 Guelf.
657 1013 719 1068 444.
739 1014 803 1071 rut.
818 1021 851 1084 1.Ι
863 1017 889 1068 2.
907 1013 1000 1069 Rhea.
1014 1017 1042 1070 2.
1056 1017 1082 1070 3.
1103 1031 1136 1086 44
1158 1008 1276 1069 [Atra-

60 1089 123 1138 tum
141 1082 205 1138 edd.
223 1082 288 1142 Ber.
308 1083 398 1140 Rhen.
421 1087 447 1139 1.
467 1099 500 1136 44
516 1089 606 1137 ratam
625 1084 667 1138 44.
686 1081 764 1155 Spir.
801 1083 916 1139 4444444
933 1085 991 1140 MS.
1011 1083 1111 1138 Guell.
1133 1032 1195 1138 444.
1210 1086 1275 1140 Put.

60 1159 89 1212 l.
109 1157 137 1212 2.
157 1173 170 1208 4
192 1174 219 1227 4.
239 1172 270 1209 se
287 1153 384 1210 velere
402 1151 457 1206 MS.
477 1153 557 1209 Flor.
589 1155 662 1220 (test.
682 1155 758 1209 Viet.
778 1164 808 1210 et
824 1156 928 1224 Furia)
951 1165 981 1211 et
997 1153 1073 1226 Spir.
1091 1157 1118 1209 Ε
1142 1155 1274 1228 praeced.

61 1242 128 1279 voc.
148 1226 182 1280 44
205 1227 278 1280 aesit
296 1244 311 1281 4
330 1235 359 1282 41
387 1242 406 1280 4
432 1227 465 1279 14
483 1242 498 1279 4
516 1227 602 1294 abiit,
631 1223 737 1281 Wattlt.
774 1259 808 1271 -
839 1227 959 1280 inultam
975 1225 1052 1282 MSS.
1081 1227 1162 1284 Flor.
1187 1227 1277 1296 (teste

59 1296 231 1363 11411141.
250 1297 335 1350 Harl.
360 1296 442 1351 Bodl.
467 1298 521 1354 Ies.
545 1298 615 1351 Bud.
640 1295 737 1354 Guelf.
765 1297 828 1355 444.
853 1297 931 1370 Spir.
959 1297 1050 1356 11644.
1070 1301 1095 1354 1.
1113 1300 1139 1354 2.
1158 1301 1186 1354 3.
1213 1313 1276 1370 sqq·
1353 1293 1357 1306 '

60 1367 178 1421 multam
195 1369 257 1423 edd.
277 1369 338 1424 Put.
359 1374 385 1425 1.
404 1371 430 1424 2.
459 1369 526 1422 Ber.
547 1367 666 1422 invitam
683 1365 726 1426 ed.
746 1368 861 1441 Gryph.
887 1368 919 1422 in
937 1369 1034 1422 ultima
1052 1367 1111 1423 MS.
1137 1368 1222 1426 Corb.
1242 1401 1276 1413 -

62 1439 192 1492 4114141114
209 1439 317 1506 Plauti,
336 1439 370 1494 de
389 1456 446 1510 444
464 1458 492 1493 v.
511 1441 557 1506 14,
575 1443 619 1498 61.
637 1443 683 1500 69.
701 1443 746 1500 69.
776 1469 807 1480 -
836 1440 955 1512 adapes
972 1456 1068 1509 44444,
1095 1441 1134 1494 41.
1152 1438 1216 1494 144.
1236 1438 1277 1494 11.

61 1528 92 1564 Vs
110 1510 207 1566 Novm
224 1519 253 1565 et
270 1511 306 1566 ad
322 1514 351 1578 2,
371 1513 416 1579 78,
434 1512 461 1568 l·

134 1619 161 1674 2
183 1618 302 1687 Tempus
325 1615 502 1672 damnationi
525 1618 672 1686 detectum,
699 1635 752 1689 qao
773 1618 917 1674 Tiridates
943 1616 1102 1687 accipiendo
1125 1616 1279 1673 Amneniae
1316 1643 1319 1652 =
1359 1661 1362 1667 .

63 1703 154 1757 regno
172 1689 350 1755 adventabat,
370 1691 409 1742 41.
429 1690 471 1756 16,
489 1691 533 1746 24.
553 1693 597 1746 29.
616 1693 660 1745 311.
681 1698 710 1743 41
728 1691 791 1746 Ind.
810 1691 863 1746 111.
882 1708 910 1743 r.
929 1688 1222 1744 114114444114411444
1249 1697 1280 1744 41

63 1759 213 1814 Gmndia
230 1761 260 1814 in
279 1760 384 1814 dativo.
422 1759 616 1814 damnationis
634 1759 690 1812 MS.
708 1762 779 1815 Bud.
806 1760 986 1831 accipiendae
1004 1757 1079 1814 MSS.
1100 1759 1178 1816 Flor.
1200 1759 1277 1825 (test.

61 1831 140 1884 Viat.
159 1839 190 1885 st
207 1831 308 1898 Furia)
333 1831 431 1888 ouen.
456 1865 486 1875 -
518 1833 558 1887 ad
585 1838 703 1885 esterna
726 1833 897 1898 4441411644,
924 1830 960 1885 44
977 1830 1130 1886 Tiridaten
1148 1829 1278 1884 directis.

64 1903 233 1957 Rumoritsu
255 1902 291 1956 44
315 1920 361 1956 res
387 1909 519 1956 externas
538 1901 645 1957 Romae
670 1904 890 1970 exsistentibus,
910 1901 986 1956 Picis.
1014 1901 1209 1970 „anritun
1228 1903 1280 1971 441

64 1975 241 2032 exsisterent
262 1974 302 2026 ad
328 1979 455 2030 esterna.
490 1974 567 2026 Nem
590 1974 630 2026 ad
654 1974 800 2050 significat
826 1975 1015 2038 occasionem,
1042 1973 1075 2026 in
1093 1973 1281 2044 4444114414

64 2044 107 2098 111.
144 2043 193 2098 Sic
210 2049 238 2113 2,
255 2047 282 2102 2.
303 2044 440 2097 laetantes
458 2046 497 2098 ad
513 2049 584 2098 4444
602 2044 754 2113 1441411414
775 2042 881 2101 Waltlt.
919 2042 1025 2100 Sensus
1045 2051 1104 2098 est:
1132 2042 1202 2097 dnm
1224 2051 1280 2096 ru·
1329 2095 1331 2098 .

64 2132 161 2170 mores
180 2124 211 2170 41
228 2132 374 2170 sermones
391 2113 544 2170 hominum
563 2131 633 2168 occu
655 2123 776 2172 arentur
794 2115 932 2170 externis.
951 2113 1012 2185 Sed¹
1019 2114 1121 2169 modus
1140 2113 1280 2186 loquendi

63 2195 109 2242 est
134 2183 269 2242 durior.“
292 2187 364 2242 Era.
399 2185 477 2240 Eium
507 2193 604 2239 tamen
654 2187 724 2242 sciti
751 2185 821 2240 stilo
850 2195 1075 2241 consentaneum
1105 2202 1167 2240 esse
1197 2186 1281 2238 44441

64 2257 150 2312 lioth-
169 2258 206 2310 44
223 2257 289 2314 Τ44.
308 2258 379 2333 Agr·
398 2274 428 2327 p.
447 2261 510 2315 239.
530 2258 575 2311 cf.
595 2257 658 2312 144.
677 2259 717 2312 11.
742 2257 966 2314 44441144.
987 2257 1042 2312 111.
1065 2275 1094 2313 v.
1113 2254 1280 2326 1114144441,

63 2345 91 2398 γ.
128 2329 167 2382 44
185 2337 302 2383 aeterna
318 2343 462 2382 nemorum
480 2345 556 2382 corr.
575 2330 731 2395 (14414444,
747 2329 841 2382 cereis
858 2329 896 2382 ad
914 2335 1032 2384 4414444
1044 2327 1281 2381 1441411644441-

65 2397 160 2454 441144
180 2408 209 2453 41
228 2402 266 2454 44
283 2406 398 2453 extema
417 2399 562 2454 1414411644
580 2400 687 2453 Miller.
707 2415 811 2453 recem.
830 2403 873 2456 18.
894 2431 927 2443 -
947 2400 1113 2454 intestinam
1138 2397 1184 2464 (in
1202 2399 1281 2452 Urbe
1313 2439 1317 2446 .

65 2472 223 2542 patratum)
243 2471 345 2526 scelus.
366 2471 403 2522 41.
422 2471 457 2526 44
475 2475 502 2536 4,
523 2473 566 2532 1⁰,
588 2476 611 2525 1.
633 2502 664 2513 -
683 2485 721 2522 an
738 2474 780 2534 41,
799 2488 829 2522 v.
849 2469 947 2532 4414,
965 2473 1011 2534 69,
1032 2475 1057 2526 1.
1075 2471 1170 2540 princ.
1191 2500 1223 2511 -
1237 2469 1281 2522 in·

64 2543 192 2609 signiam
208 2541 335 2596 41144414
351 2539 410 2606 MS.
429 2540 502 2604 Bud·
522 2540 584 2595 edd.
604 2539 682 2612 Spir.
701 2539 793 2592 11644.
812 2541 838 2595 2.
857 2542 883 2593 3.
904 2549 965 2610 144.
984 2540 1141 2594 illustrium
1157 2557 1183 2597 4.
1203 2538 1280 2593 MSS.

65 2613 148 2669 Bodl.
168 2613 267 2668 Guelf.
289 2611 351 2667 444.
370 2613 433 2670 Put.
454 2618 480 2668 1.
499 2616 527 2669 2.
546 2609 612 2668 Ber.
632 2611 785 2682 (adquam
805 2609 888 2663 siluit
905 2610 996 2674 vict.)
1014 2609 1105 2669 llhen.
1125 2614 1152 2668 l.
1180 2641 1211 2654 -
1236 2627 1281 2665 re-

63 2686 114 2754 gio
132 2683 437 2754 1441444444411,
457 2687 499 2750 M,
518 2685 545 2740 3.
571 2681 689 2752 egregio
707 2681 835 2750 14414414
852 2677 908 2734 MS.
927 2680 1027 2736 Gueli.

493 2859 686 2919 oan'r
734 2857 857 2916 XXiv.
928 2863 932 2870 '

149 2993 260 3082 Igitur
292 2973 384 3054 omni
413 2990 550 3052 civitate
568 2987 621 3052 44
653 2984 883 3070 excipiendum
910 2984 1101 3070 Principem
1132 2995 1282 3070 spectan-

66 3077 212 3160 dumque
233 3093 346 3162 regem
368 3075 484 3148 eflusa,
506 3072 657 3135 Thrasea
678 3089 821 3132 occursu
841 3068 1032 3152 prohibitus
1060 3088 1128 3131 non
1150 3067 1283 3132 demisit

65 3165 227 3239 animum,
253 3155 311 3220 sed
342 3154 513 3238 codicillos
546 3154 588 3218 44
613 3151 998 3233 Neronem.con1posuit
1027 3155 1202 3234 requirens
1224 3153 1284 3215 ob-

64 3247 155 3308 14414
178 3249 212 3305 41
232 3243 351 3323 expur'
363 3248 497 3301 uturum
518 3255 722 3314 asseverans,
745 3237 774 3297 si
795 3234 951 3297 notitiem
972 3236 1152 3299 criminum
1173 3243 1207 3299 et
1228 3257 1284 3298 co·

66 3331 159 3412 piam
181 3322 333 3386 diluendi
377 3320 532 3384 abuisset.
570 3319 640 3382 Tios
668 3316 840 3382 codicillos
861 3317 956 3381 Nero
984 3326 1208 3401 properanter
1230 3338 1283 3381 ac·

67 3411 159 3494 cepit
179 3427 247 3490 spe,
270 3407 471 3470 exterritum
492 3403 677 3466 Thraseam
699 3402 884 3483 scripsisse,
920 3419 982 3482 per
1004 3421 1087 3483 qaae
1109 3401 1286 3464 claritudi-

67 3511 145 3554 nem
167 3490 330 3572 Principis
360 3487 537 3549 extolleret
565 3503 723 3568 suamque
751 3485 870 3546 lamam
898 3481 1148 3548 dehonestaret.
1189 3483 1285 3550 (1444

66 3577 129 3638 nbi
149 3594 216 3636 non
238 3573 350 3637 evenit
370 3570 565 3651 vultumque
586 3578 620 3631 41
640 3567 780 3649 spiritus
802 3574 837 3627 41
856 3565 1047 3628 libertatem
1069 3568 1213 3630 insontis
1234 3569 1284 3629 ul-

67 3667 125 3720 tro
147 3657 313 3732 extimuit,
345 3654 461 3716 vocari
482 3652 599 3716 Patres
619 3651 724 3715 14641.
768 3647 856 3710 Tum
878 3648 1028 3712 Thrasea
1054 3651 1145 3712 inter
1172 3652 1285 3733 proxi-

67 3761 141 3804 mos
162 3737 374 3816 consultavit,
395 3741 583 3798 tentaretne
604 3732 829 3818 defensionem
849 3750 895 3792 an
913 3739 1097 3815 sperneret.

142 3863 168 3914 1.
193 3857 231 3910 44
255 3853 450 3923 excipiendam
473 3851 631 3920 Principem
654 3867 670 3905 4
694 3849 851 3920 Campania
875 3847 1046 3904 redeuntem
1074 3848 1125 3917 (41.
1153 3867 1215 3920 cap.
1241 3853 1284 3908 19.

69 3929 180 4004 princ.)
206 3927 437 3997 spectandamque
460 3941 556 3991 regern
572 3921 732 3977 Tiridaten.
763 3947 795 3959 ·-
816 3917 941 3974 Thrasea
967 3937 1083 3975 accarca
1108 3919 1285 3989 prohibitas:

68 4001 175 4073 „qnod
193 4001 309 4077 signum
338 3995 452 4052 seilicet
469 3995 613 4066 Principis
636 3991 817 4063 indignantis
845 3999 874 4046 41
901 3999 1073 4063 44441444
1099 4001 1217 4063 aspectu
1235 4009 1286 4048 suo

70 4075 249 4146 spernentis.
286 4067 358 4124 Tale
379 4067 555 4138 Vespasiano
581 4069 692 4118 1441414
710 4064 744 4117 46
763 4063 863 4117 eodem
880 4063 999 4118 Memno
1023 4081 1069 4134 ep.
1095 4062 1173 4116 Suet.
1201 4065 1284 4136 Vesp.

70 4162 97 4199 c.
116 4147 144 4200 4.
177 4140 338 4212 prohibitus
356 4154 409 4192 non
429 4138 608 4192 contubernio
625 4134 716 4202 mado,
735 4134 785 4188 sed
802 4135 888 4188 etiam
903 4135 1018 4204 pallios
1035 4135 1217 4198 441414114444
1244 4143 1287 4189 41-

69 4221 180 4288 44441
198 4215 239 4268 161
257 4213 312 4267 1114
330 4210 504 4266 salutatione
512 4207 689 4280 prohibitus,
708 4206 751 4261 sia
764 4205 891 4262 Thrasea
908 4221 1022 4260 4444144
1031 4204 1284 4282 tegis.“'1.ipsius.

104 4315 171 4383 opp.
194 4314 259 4369 rac.
300 4312 331 4366 r.
346 4309 385 4365 ιι.
1080 4281 1121 4344 32
