2814 4792
182 257 328 323 CAPUT
348 255 458 325 XLII.
477 253 601 322 XLIII.
619 253 622 260 ⁴
638 257 693 340 (Δ.
715 257 754 324 U.
776 260 849 327 814.
878 261 919 326 A.
941 259 978 329 0.
993 263 1059 344 61.)
1167 265 1231 334 333

15 421 132 498 penbm
151 425 251 492 tertIs,
270 421 523 490 adhibebimus
613 443 642 484 r.
661 425 682 480 1.
701 429 727 484 i.
746 426 782 482 ds
804 427 973 488 manumiss.
1010 427 1116 496 Quodsi
1138 425 1231 486 ‹Iami-

16 518 65 552 uas
90 514 153 552 non
177 505 309 552 servaei
331 497 429 564 fidem,
456 515 576 568 waren
598 515 684 552 serra
707 497 816 554 Romae
839 501 915 571 apud
940 505 1121 571 praesectum
1145 503 1230 573 Urbi,

17 569 85 642 apud
101 567 269 640 praesidem
287 571 319 624 ia
336 569 498 640 provincIIs
519 587 555 623 ex
573 571 781 626 constituimus
790 571 933 626 Diuorum
948 575 1075 628 teatrum
1092 574 1153 628 fuit
1171 575 1230 634 15.

18 641 97 694 ibid.“
115 639 197 709 Lips.
218 639 262 694 CI.
281 639 317 694 sd
335 643 379 706 13,
397 643 444 706 37,
464 645 489 697 1.
509 641 608 698 Burm.
634 641 671 696 sd
694 642 810 697 Peteon.
836 645 878 700 75·
899 651 928 698 st
953 643 990 698 ed
1007 644 1089 698 Ovio
1118 646 1183 702 Am.
1203 653 1229 714 1,

17 717 40 778 8,
56 716 100 768 63.
121 745 155 756 -
176 727 272 766 amore
290 711 392 766 exoleti
409 713 548 780 intensus,
567 713 680 768 cinaedi
698 715 820 768 alienius
839 715 984 780 conseret,
1013 733 1101 788 quem
1128 735 1230 774 semus

18 784 99 838 stmul
116 801 151 837 ac
169 781 303 838 dominas
321 784 508 854 deperibaat3
525 784 609 838 Brot.
647 800 743 840 umore
760 785 838 844 MSS.
850 787 933 842 Flor.
953 786 1038 854 (teste
1047 789 1138 850 vict.)
1157 790 1230 844 nuo.

18 856 108 912 Guelf.
129 854 240 926 aliique
259 863 289 909 et
307 855 370 908 edd.
390 854 467 926 Spir.
485 854 578 911 Rhea.
597 859 622 912 1.
642 860 668 912 3.
689 875 753 929 sqq.
781 859 875 913 amori
899 857 962 912 edd.
991 859 1054 916 Put.
1075 865 1099 917 1.
1118 859 1230 916 atter.

17 929 73 985 iiie.
100 925 193 980 Rhea.
215 932 239 984 1.
277 926 356 994 „sea
381 942 476 981 amore
499 925 550 979 hin
576 925 687 981 dicitur
711 937 746 982 at
772 929 961 984 aemulatione
978 934 1005 996 3,
1023 931 1088 988 63.“
1111 931 1231 990 warh.
1280 957 1284 965 ·
1400 901 1401 916 χ

17 1001 55 1058 ct.
80 997 146 1052 lod.
166 998 219 1050 111.
248 997 429 1066 nanatiui
452 999 697 1053 substantivorum
723 1001 856 1056 absoluti.
893 1002 1020 1056 incensus
1049 1003 1127 1058 mals
1152 1003 1230 1058 coni·

16 1069 91 1127 rich.
110 1077 141 1124 et
158 1069 304 1126 Heinsius.
910 1079 913 1092 ¹

79 1145 106 1200 2
127 1157 210 1210 quum
227 1149 320 1195 uetere
338 1159 372 1196 eu
389 1157 467 1198 more
486 1169 519 1180 -
538 1148 690 1212 oporteret,
707 1161 737 1200 v.
757 1145 794 1199 sd
811 1147 857 1212 13,
875 1149 920 1212 31,
939 1149 965 1201 l.
984 1177 1018 1190 -
1029 1145 1182 1215 furnilium,
1200 1165 1231 1206 r.

15 1216 47 1269 sd
62 1217 91 1278 3,
111 1216 158 1279 14,
177 1217 203 1268 1.
222 1221 252 1267 et
269 1218 297 1278 3,
315 1215 360 1276 53,
378 1217 404 1270 3.
424 1247 458 1258 -
477 1229 565 1284 usque
582 1215 621 1267 ad
639 1215 934 1270 seditionem'uentuns
952 1223 1005 1284 est,
1031 1236 1061 1271 v.
1087 1219 1123 1272 ad
1141 1223 1167 1284 b,
1186 1221 1232 1288 1³,

16 1291 39 1342 1.
58 1313 90 1323 -
108 1291 263 1356 senatuque
281 1285 313 1338 in
331 1285 393 1354 ipso
413 1284 474 1339 edd.
494 1284 587 1339 Reme
610 1324 617 1338 .
637 1287 727 1340 Gran.
747 1288 840 1360 Ryck.
860 1305 922 1359 sqq.
942 1306 978 1342 ex
996 1289 1108 1347 emend.
1126 1291 1231 1361 Lipsii.

15 1365 181 1428 senatusque
199 1355 229 1408 in
247 1373 300 1428 quo
318 1356 382 1425 ipso
399 1354 477 1410 MSS.
497 1355 577 1414 Flac.
622 1359 667 1414 ad.
688 1359 787 1416 Guelf.
807 1361 925 1431 aliique.
943 1365 1110 1431 senatusque
1128 1361 1161 1415 in
1178 1377 1251 1431 quo,

16 1431 72 1498 ipse
91 1429 137 1482 ed„
158 1426 236 1498 Spir.
256 1433 423 1500 senatusque
441 1429 474 1484 in
492 1445 544 1498 quo
563 1429 627 1498 ipsa
644 1431 701 1485 MS.
720 1431 791 1506 Agr.
811 1438 926 1486 senatus
945 1432 979 1484 in
997 1447 1050 1500 quo
1076 1433 1141 1500 ipso
1168 1432 1231 1486 edd.

15 1502 73 1554 Put.
94 1505 121 1556 1.
142 1501 169 1556 3.
197 1497 265 1552 Ber.
294 1497 387 1553 Rhea.
414 1505 441 1554 1.
476 1505 646 1572 senatusque
671 1502 715 1569 (in
739 1519 791 1571 quo
817 1503 881 1573 ipso
905 1509 988 1555 erant
1012 1509 1049 1555 et.
1068 1519 1095 1560 n.
1116 1520 1139 1556 e.
1159 1503 1232 1574 asp.)

13 1573 141 1640 pluribus
167 1577 224 1623 eet.
251 1571 312 1627 edd
332 1569 425 1626 Rhen-
444 1573 470 1628 3.
496 1574 523 1628 3.
549 1571 616 1626 Ala.
642 1572 720 1644 Lips.
746 1573 824 1629 Piala
851 1580 950 1628 senatu
978 1589 1085 1644 quoque
1110 1575 1233 1644 in'ipso

15 1647 86 1698 coni.
104 1643 164 1721 Iac.
185 1641 276 1698 Gran.
297 1669 330 1680 -
348 1643 527 1696 mutandum:
556 1643 589 1696 in
608 1642 664 1697 MS.
683 1643 764 1700 Flos.
786 1653 816 1700 et
833 1647 876 1702 ed.
897 1643 975 1716 spic.
994 1646 1177 1700 multandam.
1197 1675 1232 1690 -

15 1712 743 1843 ammanaetuans
762 1715 1009 1853 stratam,

14 1860 171 1994 {isagogen
190 1857 365 1912 sententiam
383 1865 503 1935 rogatus
521 1864 599 1911 esset
615 1875 632 1911 a
650 1857 782 1928 consuls,
800 1867 836 1914 ut
852 1862 881 1929 2,
899 1859 946 1917 38.
972 1857 1008 1914 H·
1027 1863 1056 1927 t,
1075 1862 1103 1918 4.
1132 1859 1178 1914 Cf.
1197 1857 1234 1916 ad

88 1966 99 1992 ‚
137 1967 145 1983 ,
903 1945 910 1971 ι

429 2049 624 2109 casua
676 2037 820 2113 xalta

91 2148 338 2242 Saepenumero,
359 2156 399 2228 P.
424 2159 473 2238 0.,
495 2163 531 2225 in
551 2160 613 2237 boc
632 2163 745 2236 ordine
765 2159 917 2246 intertui,
938 2180 1031 2247 quum
1049 2171 1163 2228 contra
1184 2165 1234 2228 in-

13 2249 129 2310 stituta
149 2255 184 2310 et
205 2246 292 2330 leges
313 2248 463 2309 maiorum
483 2264 567 2307 nouo
587 2257 721 2340 senatus
738 2247 868 2310 decreta
891 2247 1147 2330 postularentur,
1179 2267 1234 2312 ne·

14 2350 70 2413 que
90 2349 157 2394 mma
180 2331 382 2408 adversatus,
404 2348 469 2390 non
490 2331 568 2411 quio
589 2329 779 2410 duisitorcm,
800 2351 896 2412 super
915 2331 1060 2396 onmibus
1088 2334 1233 2414 negotiis

13 2415 119 2478 meiius
140 2422 239 2496 atque
260 2415 381 2476 rectius
402 2413 475 2476 otim
493 2415 659 2494 provisum
680 2427 720 2492 et,
741 2433 824 2498 quae
845 2425 1118 2494 converterentur,
1144 2414 1231 2476 dete·
1298 2411 1301 2420 ’

15 2503 79 2560 rius
98 2501 230 2570 mutari,
250 2497 367 2560 sedne
387 2499 483 2560 nimio
504 2515 610 2558 amore
631 2501 758 2584 antiqui
778 2501 875 2562 moris
896 2499 1035 2562 studium
1062 2517 1157 2560 meum
1178 2518 1232 2560 ex-

17 2582 124 2644 tollere
152 2582 289 2644 aiderer.
333 2578 447 2652 Simul,
479 2580 637 2662 quicquid
662 2583 784 2648 bocia
815 2581 908 2643 nobis
933 2583 1143 2644 auctoritatis
1170 2589 1231 2654 est,
1269 2658 1273 2666 1

16 2665 135 2728 crebris
157 2662 470 2728 contradictionibus
491 2661 714 2726 destruendum
733 2681 797 2724 non
816 2663 1041 2738 existimabam,
1070 2673 1107 2725 ut
1127 2683 1231 2726 mane·

15 2759 59 2810 ret
80 2753 257 2830 integrum,
277 2749 309 2811 si
329 2747 457 2829 quando
480 2767 531 2808 res
550 2745 681 2826 publica
703 2747 848 2822 consitiis
869 2749 1022 2828 eguisset.
1068 2745 1161 2816 Quod
1174 2745 1231 2808 bo-

14 2833 62 2896 die
83 2835 202 2912 euenit,
235 2830 398 2894 consulari
419 2833 489 2893 uiro
511 2831 595 2893 domi
625 2849 701 2894 auae
721 2829 896 2912 interfecto
913 2849 974 2912 per
1005 2829 1143 2896 insidias
1163 2849 1231 2893 ser-

14 2916 102 2993 viles,
123 2935 206 2998 quae
226 2934 313 2976 nemo
330 2911 502 2994 probibuit
523 2922 581 2976 aut
591 2913 750 2994 prodidit,
772 2917 914 2996 quamuis
930 2915 1066 2976 nondum
1078 2932 1231 2976 canusso

12 3011 143 3062 senatus
167 2998 325 3076 contuito,
347 2997 434 3080 quod
453 2998 640 3078 supplicium
663 3000 726 3062 toti
746 2996 889 3078 familiae
909 2996 1129 3061 minitabatur.
1161 2995 1233 3062 De-

15 3087 133 3146 cernite
155 3082 284 3145 bercuie
304 3083 531 3162 inpunitatem,
551 3093 588 3142 ut
609 3101 699 3162 quem
718 3081 936 3163 dignitassua
951 3079 1117 3160 defendat,
1140 3097 1233 3162 quum

10 3165 221 3248 praefectura
245 3163 344 3235 Urbis
364 3184 428 3226 non
446 3163 622 3245 profuerit.
667 3165 760 3234 Quem
782 3185 926 3228 numerus
946 3183 1107 3228 servorum
1129 3163 1232 3228 tuebi-

13 3263 76 3329 tur,
136 3270 209 3313 uum
234 3245 409 3313 Pedanium
438 3245 616 3311 Secundum
646 3247 878 3331 quadringenti
911 3268 975 3310 non
1005 3245 1232 3328 protexerint!
1272 3284 1276 3298 ι

15 3333 76 3398 Cui
99 3271 228 3412 [baem
249 3351 338 3414 opem
357 3331 458 3413 serat,
491 3351 572 3414 quae
592 3350 632 3394 ne
652 3336 687 3395 in
707 3341 791 3394 metu
811 3332 933 3478 guidem
951 3331 1098 3414 pericula
1118 3340 1232 3396 nostra
1322 3347 1325 3354 ’

14 3417 179 3481 aduertit!
218 3413 285 3490 An,
307 3425 344 3478 ut
365 3415 492 3498 quidam
513 3417 638 3498 fingere
663 3434 727 3477 non
754 3436 810 3478 eru
833 3423 955 3493 escunt,
990 3417 1130 3479 iniuriae
1155 3433 1232 3479 ntae

13 3503 101 3564 uitus
127 3510 175 3564 est
203 3497 414 3579 interfectori
448 3502 525 3581 quia
551 3499 589 3562 de
613 3508 751 3580 paterna
774 3502 912 3582 pecunia
939 3507 1143 3582 transegerat
1175 3505 1233 3562 aut

13 3589 133 3650 auitum
164 3587 352 3664 mancipium
383 3581 635 3648 detrahebatur?
675 3579 921 3648 Pronuntiemus
948 3583 1047 3664 uitro,
1080 3583 1234 3647 dominum

14 3673 83 3732 iure
106 3688 229 3731 caesim
251 3668 364 3734 videri.

81 3791 110 3845 1.
130 3785 233 3840 melius
250 3771 334 3856 atque
351 3783 475 3839 rectius:
494 3785 526 3838 in
543 3781 599 3842 118.
619 3783 690 3840 aaa
710 3801 747 3840 nt.
766 3800 801 3839 ac
817 3799 842 3837 r.
862 3813 897 3828 -
911 3757 1039 3838 deteiiue
1055 3779 1163 3838 mutari
1175 3779 1234 3838 MS.

16 3859 93 3914 tter.
117 3857 196 3930 qaod
215 3857 350 3912 substitui
368 3873 423 3928 pro
441 3875 481 3908 vu
515 3894 522 3909 .
546 3857 579 3911 in
597 3855 722 3912 deterius
746 3863 786 3909 m·
807 3855 852 3910 ci.
870 3856 906 3911 ad
923 3860 950 3922 3,
968 3859 1014 3924 34,
1032 3859 1059 3914 3.
1088 3887 1121 3899 -
1147 3853 1236 3910 ninsio

16 3947 127 3984 onore.-
147 3931 179 3984 ia
198 3927 254 3983 115.
276 3928 361 3983 Corb.
382 3935 412 3982 et
431 3927 476 3982 ed.
516 3929 574 3999 pir.
592 3945 648 3982 uno
675 3945 780 3983 amore.
810 3959 844 3971 -
869 3927 1002 3998 quicquid
1026 3925 1077 3982 boe
1102 3926 1135 3980 in
1156 3925 1237 3982 nobis

16 4000 205 4056 auctoritatis
221 4009 262 4055 eet
281 4017 322 4053 cr.
342 4017 364 4056 c.
385 3999 412 4052 d.
431 4015 487 4052 non
506 3999 711 4066 existimem,
731 4019 758 4054 v.
777 3997 813 4054 ad
831 4001 875 4066 12,
894 4002 940 4064 36,
958 4003 984 4055 1.
1004 4006 1033 4051 et
1050 3997 1085 4052 ad
1102 3997 1173 4074 Aga.
1191 3999 1235 4054 43.

17 4093 43 4126 n.
62 4079 89 4130 4.
112 4107 146 4117 -
164 4078 308 4126 maneret:
328 4073 360 4125 in
378 4069 435 4124 MS.
454 4071 536 4128 Flor.
555 4077 694 4126 manaret.
715 4104 747 4115 -
768 4068 859 4124 evenit
877 4069 934 4124 MS.
955 4069 1053 4124 Gueli.
1073 4067 1137 4127 sat.
1156 4067 1236 4138 Spin.

15 4144 110 4202 Rhea.
130 4147 156 4202 2·
175 4147 204 4202 3.
223 4161 288 4216 sqq.
305 4142 382 4197 uenit
398 4141 456 4198 MS.
474 4143 555 4198 Flor.
580 4145 669 4210 (testo
687 4141 795 4208 Faria)⁴
814 4140 875 4198 edd.
903 4143 966 4198 Put.
985 4143 1011 4196 1.
1029 4143 1056 4198 2.
1080 4137 1146 4193 Riv.
1172 4139 1238 4193 Ber.
1287 4197 1295 4206 ,

16 4217 111 4274 Rhea.
134 4221 159 4272 1.
187 4241 219 4254 ·-
246 4222 280 4270 ut
298 4231 378 4286 quesn
396 4215 527 4284 dignitas
545 4231 595 4270 eua
612 4213 743 4282 defendat
767 4213 844 4269 MSS.
865 4213 947 4267 Flor.
974 4209 1045 4288 aeg.
1073 4209 1145 4264 Bai.
1175 4207 1237 4266 ott.

17 4289 103 4358 Spin.
125 4283 218 4340 Bekk.
236 4289 262 4343 2.
287 4285 403 4344 walth.
431 4287 524 4342 Bene:
551 4305 620 4341 nam
648 4287 692 4340 sic
717 4286 812 4340 ironia
834 4281 910 4342 belle
937 4285 1141 4346 continuatur,
1166 4279 1239 4363 Era.

18 4358 173 4414 Decernite
191 4355 216 4411 1.
235 4357 437 4430 impunitatem.
475 4357 516 4412 Ar
534 4375 615 4430 quem
641 4357 774 4426 dignitas
798 4371 851 4411 eua
876 4354 1005 4422 defendet
1025 4385 1057 4398 -
1072 4351 1241 4422 profuerat!

947 4441 1016 4503 21*
