2854 4788
216 184 380 272 aanor
397 185 506 254 xva.
526 187 653 260 xvm.
689 189 742 269 (a.
764 189 805 256 a.
825 191 900 258 am.
927 192 966 256 a.
988 191 1025 259 o.
1046 195 1112 274 aa.)
1225 186 1292 268 ter·

65 351 162 418 ἔμελλε
183 353 229 407 ael
252 347 377 480 lpo'ema
400 350 450 424 erla
476 307 604 417 meamea
626 355 675 410 aab
698 351 840 426 συλλαβὼν
856 361 953 414 Νίκιον
970 357 1128 428 (urtam)
1147 321 1289 434 &probiter

64 429 115 478 aral
147 423 200 478 aba
232 423 261 478 ah
280 445 297 478 ν
325 427 413 481 αὐτοῦ
444 427 548 488 Σέξτον
574 423 718 496 Παπῆνιον
748 429 921 498 (Παπίνιον)
950 426 1117 502 ’ἐβασάνιση
1153 439 1200 492 ael
1230 433 1289 492 inat

63 493 159 588 &⁶3⁹
178 492 364 584 uliatltitnaea,
405 497 534 554 aetnam
566 499 618 554 τὸν
648 493 792 588 quq‘raor
827 507 965 575 σωτηρίαν
999 506 1074 571 atrei
1110 505 1157 558 aab
1191 503 1289 561 liciam

64 571 578 713 ''Pte“:tssttttlztffetl
591 572 750 698 ,ῗέζέἱὲ
774 573 966 700 efflat
987 572 1289 704 §.magam

64 659 185 778 abfuit,
211 711 358 770 debuisset
382 729 449 768 cum
476 712 577 768 Tacito
608 681 880 771 tribuere'ceriali.
915 664 996 773 effi
1022 721 1094 792 quip
1116 667 1288 788 e⁵ea⁸1bb¹e²h

64 783 158 853 plene
175 801 239 840 rem
255 785 363 842 Nostro
387 787 420 840 in
446 793 545 842 mente
568 786 669 842 luisse.
705 785 855 842 Reimarus
880 797 960 845 recte
983 791 1071 846 etiem
1089 737 1173 858 hott,
1201 793 1234 848 in
1252 807 1287 848 eo

64 855 179 910 falsum
197 873 259 912 esse
276 859 431 920 Donarem,
450 855 528 929 quoi
544 859 696 930 Papinium
715 855 839 918 Cerialis
857 861 954 916 filium
971 862 1073 920 iacit.“
1097 859 1205 918 Wattb.

493 979 685 1040 CAPUT
728 981 868 1040 xv111.

151 1073 203 1136 De
234 1069 271 1139 0.
302 1071 464 1135 Petronio
497 1092 602 1155 panca
632 1093 735 1158 supra
767 1073 950 1158 repetenda
980 1084 1067 1142 sunt.
1117 1076 1203 1142 Nam
1232 1079 1287 1142 illi

65 1153 142 1219 dies
163 1175 225 1240 per
245 1175 409 1234 somnum,
431 1173 497 1216 nox
518 1156 637 1219 officiis
666 1165 699 1220 et
726 1159 975 1222 oblectamentis
1004 1163 1094 1224 vitae
1121 1163 1287 1250 transige-

65 1240 182 1320 batur,
202 1247 306 1322 utqoe
327 1239 409 1302 alios
430 1237 608 1318 industrie,
631 1241 679 1302 ite
699 1239 789 1304 huuc
809 1244 943 1386 qqnavia
966 1241 1008 1305 ad
1028 1247 1148 1306 famam
1168 1253 1287 1329 protu-
1389 1273 1394 1298 ι

66 1323 167 1401 leret,
197 1322 446 1405 habebaturque
475 1341 542 1384 uon
586 1343 668 1388 aneo
696 1333 730 1390 et
750 1344 812 1407 pro
840 1327 962 1414 igetur,
984 1331 1023 1387 ut
1043 1329 1196 1413 plerique
1227 1349 1288 1392 sua

65 1408 309 1485 haurientium,
342 1405 400 1470 sed
422 1345 675 1472 eruditogluxur
704 1427 744 1472 ao
765 1407 854 1472 dicta
874 1411 1024 1490 iactaque
1045 1411 1129 1490 eius,
1164 1423 1287 1495 quanto
1326 1465 1328 1473 .

65 1493 234 1556 solutiora
256 1500 289 1554 et
310 1489 472 1576 quandem
493 1491 546 1553 sui
568 1493 805 1580 negligentiam
826 1494 1060 1577 praeferentia,
1089 1503 1183 1560 tanto
1211 1515 1289 1581 gre·

64 1580 136 1641 tius
172 1577 210 1639 iu
236 1579 380 1662 speciem
406 1576 627 1660 simplicitatis
656 1579 916 1660 accipiebantur.
965 1577 1150 1641 Proconenl
1175 1587 1288 1642 temen
1373 1649 1377 1658 ⁸

64 1660 244 1744 Bithyniae
269 1669 303 1724 et
322 1681 398 1723 mox
421 1662 536 1724 consul
556 1663 725 1748 rigentem
752 1683 788 1726 se
813 1683 853 1727 ec
872 1681 988 1747 parem
1010 1663 1153 1766 negotiis
1175 1674 1289 1725 osten-

66 1745 138 1810 dit:
173 1745 251 1809 dein
281 1744 457 1808 revolutus
482 1744 525 1808 ad
550 1747 635 1808 vitia
664 1765 724 1810 seu
755 1748 918 1812 vitiorum
945 1747 1168 1810 imitationem
1195 1747 1287 1811 inter

65 1849 190 1914 paucos
221 1830 436 1892 familiarium
467 1829 599 1894 Neroni
629 1837 814 1914 assumptus
846 1839 899 1894 est
931 1831 1115 1918 elegantiae
1146 1829 1287 1910 arbiter,

66 1915 147 1976 dam
172 1913 256 1976 nihil
276 1931 451 1976 amoenum
474 1920 508 1975 et
528 1913 628 1976 molle
648 1915 819 1976 affluentia
862 1921 947 1992 atat,
976 1916 1043 1976 uiai
1064 1910 1154 1996 quod
1174 1914 1206 1976 ei
1226 1912 1288 1980 Pa·

63 2001 200 2060 tronius
229 1995 490 2080 approbavisset.
537 1995 633 2060 Unde
659 1997 789 2062 invidia
848 1999 978 2085 igellini
1008 1999 1101 2081 quasi
1126 1994 1288 2078 adversus
1316 2035 1320 2044 ι

64 2080 236 2144 aemulum
262 2089 297 2143 et
323 2081 462 2146 scientia
482 2079 694 2162 voluptatum
715 2082 895 2226 potiorem.
937 2081 1026 2228 Erqo
1053 2078 1288 2144 crudelitatem

63 2165 246 2248 Principis,
268 2164 324 2224 cui
345 2172 477 2228 ceterae
497 2163 655 2226 libidines
676 2181 714 2225 ce
738 2165 837 2228 ebant
877 2183 919 2252 ag
962 2183 980 2226 e
1005 2173 1077 2239 itur
1102 2163 1289 2226 amicitiem

63 2247 221 2311 Scaevini
242 2247 401 2310 Petronio
422 2247 602 2327 obiectans,
624 2257 786 2331 corrupto
807 2211 851 2311 ati
871 2251 907 2310 in
932 2249 1035 2311 icium
1057 2265 1156 2311 servo
1178 2244 1289 2308 adem·

63 2341 187 2416 ptaque
208 2329 397 2402 defensione
417 2339 452 2392 et
471 2331 601 2392 maiore
621 2339 717 2414 parte
738 2333 885 2396 familiae
908 2333 945 2394 iu
966 2332 1078 2398 vincla
1098 2339 1205 2414 repta.

137 2436 164 2489 1.
191 2431 223 2484 0.
241 2429 374 2485 Petronia
398 2445 498 2486 omnes
525 2437 556 2486 et
577 2429 655 2486 MSS.
679 2439 710 2486 et
731 2432 794 2489 edd.
832 2431 942 2502 „Quem
959 2432 1020 2487 riri
1038 2431 1117 2488 docti
1136 2447 1203 2486 suan
1221 2445 1289 2486 ean-

65 2511 143 2570 eant,
163 2505 244 2558 cuius
260 2505 425 2580 fragmenta
442 2501 531 2557 bodie
547 2503 723 2573 purissimae
742 2503 937 2572 impuritatis:
971 2505 1007 2558 de
1025 2519 1083 2572 quo
1102 2503 1192 2558 etiam
1209 2517 1290 2556 nunc

62 2575 207 2641 delibero,
226 2575 302 2628 sicut
318 2582 349 2630 et
365 2573 401 2628 de
418 2576 618 2646 praenomine,
637 2573 714 2644 quod
735 2573 816 2626 litus
833 2581 877 2628 eet
894 2589 941 2644 ep.
960 2574 1091 2628 Plinium
1109 2577 1154 2640 37,
1172 2576 1200 2631 2.
1217 2575 1246 2628 ὅ.
1261 2575 1288 2630 t.

63 2657 94 2702 et
111 2646 189 2700 Plut.
209 2645 245 2700 de
261 2645 348 2700 disan
369 2646 456 2699 amici
474 2653 503 2700 et
519 2645 625 2702 adulat.
646 2645 734 2700 anili.
753 2661 782 2716 p·
802 2648 846 2701 eo.
865 2660 939 2714 quot
956 2644 1040 2714 loqui
1057 2643 1094 2697 tls
1113 2641 1171 2698 hoo
1188 2641 1289 2699 eodem

62 2737 112 2774 res
132 2717 243 2772 indicio
263 2725 315 2771 est.
349 2717 439 2770 Plinii
457 2715 545 2771 verba
562 2723 645 2771 sunt:
675 2715 754 2770 Titus
779 2714 928 2770 Petronius
950 2715 1109 2770 annularis
1133 2716 1290 2770 maritarat

63 2789 179 2845 incidie
197 2789 317 2842 Neronia
334 2787 486 2856 Μαρία,
503 2795 535 2841 ut
550 2803 676 2842 mensam
695 2787 755 2842 eiua
772 2786 965 2856 exheredaret,
983 2787 1098 2840 trullam
1114 2783 1291 2840 malinam

63 2863 139 2916 000
157 2860 216 2914 HS.
236 2867 352 2930 emptam
368 2861 466 2929 fregit.
502 2859 654 2914 Plutarchi
678 2860 695 2927 t}
712 2859 775 2920 τούς
800 2858 923 2919 ἀσώτους
947 2861 1160 2982 acffoluratair
1178 2857 1218 2920 eir
1242 2876 1290 2928 μι-

64 2937 213 3004 κρολογίαν
230 2937 275 2986 ael
311 2939 430 3001 υπαρίαν
447 2931 632 2999 ὀνειδίζωσιν,
649 2927 870 3002 ὥσπερΝέρωνα
883 2936 964 2992 Ttror
1009 2929 1146 3002 ετρώνιος..
1163 2928 1289 2999 Reperio

65 3014 96 3060 et
118 3005 248 3060 lbtbtt'ma
297 3005 443 3068 etruriam,
477 3004 535 3056 nisi
552 3004 652 3069 fallor,
676 3001 757 3058 hunc
774 3003 908 3068 eundem,
934 3002 970 3058 de
996 3019 1055 3074 quo
1083 3009 1166 3056 vetus
1188 2997 1287 3054 schel.

64 3077 201 3132 lnreual.
220 3075 256 3130 aa
272 3080 300 3142 6,
317 3077 371 3132 638
390 3094 402 3128 s
424 3093 453 3146 q.
482 3074 584 3130 Pontia
593 3073 688 3129 Publii
705 3073 834 3138 Petronii
850 3074 923 3141 tilia,
943 3091 1023 3145 quem
1038 3074 1116 3128 Nero
1134 3072 1290 3126 conmotam

63 3147 124 3214 (ita
141 3147 200 3225 leg.
228 3163 284 3218 pro
303 3162 384 3224 quam
400 3093 437 3202 h.
456 3146 623 3216 emmeram)
650 3148 682 3202 in
699 3147 818 3200 crimine
835 3145 1037 3200 efflorationis
1054 3143 1214 3210 ’ἀφωνίη
1243 3143 1290 3198 ‹le-

64 3223 159 3287 tarete
176 3219 282 3272 memte
306 3219 380 3285 filios
401 3234 468 3272 auca
491 3235 593 3274 veneno
616 3233 730 3272 aeram
748 3218 884 3285 aarum,
926 3234 991 3272 uam
1019 3217 1115 3285 largis
1141 3233 1172 3270 ae
1199 3216 1291 3285 epatis

63 3298 212 3346 armaret
230 3295 258 3344 et
276 3307 387 3356 maeno,
406 3287 544 3355 (tomaene
562 3290 640 3354 eino)
658 3290 737 3344 verua
754 3290 856 3344 incisis
873 3235 993 3355 sabens,
1020 3306 1073 3359 quo
1091 3287 1213 3342 maxime
1231 3292 1291 3342 atu-

64 3365 114 3417 dio
132 3361 327 3428 oblectabatur,
346 3361 487 3416 exstincto
505 3361 581 3415 est.“
600 3360 724 3432 Lipsiae.
760 3361 802 3416 De
819 3360 875 3416 hac
892 3359 996 3415 Pontia
1018 3363 1056 3418 ef.
1076 3359 1208 3416 Iuvenal.
1227 3357 1249 3412 l.
1267 3357 1289 3412 l.

65 3443 95 3488 et
113 3433 239 3490 Martisl.
258 3436 286 3500 i,
304 3437 349 3490 8³.
369 3433 404 3487 tle
422 3432 480 3487 elia
503 3432 571 3488 Tac.
589 3433 664 3487 Anu.
690 3436 734 3500 1³.
753 3437 798 3491 tl·
834 3434 980 3488 Nostrum
1006 3440 1104 3488 autem
1127 3430 1291 3485 Petronium

64 3506 156 3560 fauisse
174 3505 335 3558 Petronium
351 3505 501 3558 Arbitrum
517 3505 705 3591 scriptorem,
725 3505 869 3575 suspicari
885 3505 991 3574 possis,
1010 3505 1035 3558 si
1052 3506 1216 3580 ingruente
1227 3501 1291 3558 eius

65 3575 228 3631 contuleris
246 3593 313 3628 cum
331 3577 499 3630 narratione
516 3576 611 3632 Tacrti
631 3584 662 3631 et
678 3577 843 3649 respexeris
861 3574 950 3630 rerba
967 3575 1037 3630 illa:
1055 3573 1165 3629 Neroat'
1182 3589 1290 3628 aarum·

63 3655 132 3717 plue
156 3653 199 3701 est
225 3647 383 3715 elegantiae
410 3647 564 3701 arbiter.
605 3648 789 3701 Burmannus
816 3655 913 3700 tamen
939 3645 1035 3700 editor
1059 3645 1188 3701 Petronii
1211 3643 1292 3698 hunc

66 3718 194 3784 Claudii,
222 3723 252 3771 et
269 3717 380 3774 valesii
398 3735 464 3772 eum
481 3717 701 3773 Antoninorum
724 3725 815 3772 aetate
833 3718 942 3771 vixisse
960 3717 1161 3788 opinabantur.
1200 3716 1293 3783 „Ver-

65 3791 183 3844 tranius
200 3805 356 3860 perperam
373 3787 454 3843 hunc
472 3789 636 3844 Petroniam
663 3789 818 3846 contundit
841 3805 908 3842 cum
925 3789 1062 3844 Petronio
1080 3785 1292 3861 Turpiliane.“

64 3862 151 3932 lietb.
177 3861 507 3928 cr.ae14,aa.1.-
540 3877 631 3932 pauca
656 3877 743 3930 repra
758 3861 909 3930 repetenda
925 3865 991 3914 eant
1015 3859 1072 3917 MS.
1093 3859 1173 3918 Plor.
1201 3857 1292 3925 (teate

65 3934 123 3990 lac.
145 3931 253 3997 Gran.)
277 3929 339 3990 edd.
364 3930 442 4002 Spir.
470 3935 534 3987 Put.
554 3937 580 3991 l.
599 3936 627 4001 2.
655 3931 747 3988 liban.
767 3938 792 3990 l.
817 3933 874 3987 lac·
893 3933 984 3987 Grau·
1003 3949 1065 4017 sqq.
1099 3946 1293 4004 pravemer

67 4023 91 4061 r.
112 4020 138 4061 a.
158 4001 236 4059 MSS.
255 4003 337 4060 Harl.
357 4002 440 4058 Bodl.
459 4005 558 4060 Gueli.
577 4005 611 4058 iu
629 4020 687 4074 quo
709 4019 763 4074 rap
782 4005 935 4074 scriptino.
971 4003 1102 4057 Venetae
1126 4003 1293 4088 scripturae
1316 3999 1321 4030 ¹

66 4084 170 4201 aa,
188 4074 857 4218 aereaerearatae-
875 4069 1291 4202 ..terramala

64 4220 93 4275 2.
110 4221 139 4274 ³.
165 4235 229 4290 sqq.
258 4216 294 4272 ad
311 4218 391 4288 Lips.
410 4213 499 4272 blais:
531 4235 599 4272 nam
623 4233 710 4288 supra
732 4217 813 4280 nibil
838 4219 875 4272 de
898 4231 953 4285 eo;
982 4217 1052 4276 lira.
1089 4232 1179 4286 supra
1202 4231 1292 4285 patrea
1409 4257 1415 4270 .

66 4295 156 4359 repet.
174 4293 239 4344 atat
257 4288 321 4346 edd.
340 4289 419 4360 lips.
438 4297 549 4360 poster.
569 4297 600 4344 et
616 4297 673 4346 aet.
692 4297 759 4346 ante
777 4288 870 4346 Gran.
890 4313 923 4328 ·-
960 4285 1041 4356 Nam,
1060 4305 1088 4342 r.
1107 4287 1144 4343 ad
1160 4291 1188 4354 2,
1205 4289 1251 4348 bb
1264 4293 1277 4320 ¹
