2814 4792
173 161 238 230 aas
323 155 326 164 ·
547 101 796 222 ιιιιιιιιιιιι
824 152 910 218 nra.
932 151 1025 218 xuv.

596 317 789 380 cetur
842 317 969 378 xxm.

255 433 302 498 At
326 403 475 498 Corbulo
530 438 583 494 ost
606 426 715 492 deleta
735 425 896 492 Artaxata
925 425 1087 492 utendum
1108 425 1230 492 recenti
1247 432 1327 488 terro

176 525 272 582 ratus
292 513 336 579 ed
356 533 503 598 occupau
559 511 814 598 Tigranocerta,
836 511 955 594 quibus
971 513 1091 576 excisis
1106 509 1333 574 metumlrostiu

175 597 366 664 intenderet
386 597 452 677 rel,
479 599 509 659 si
529 597 741 679 pepercisset,
772 593 968 656 elementiae
995 598 1115 658 famam
1136 591 1351 674 adipisceretur

176 684 259 748 illuc
281 681 393 768 pergit
412 699 479 742 non
500 679 628 742 infenso
650 677 811 754 exercitu,
832 697 875 742 ne
895 697 987 760 spem
1008 681 1125 741 uenies
1145 679 1293 752 auferret,
1316 695 1332 734 u

177 787 241 850 que
267 774 378 828 tamen
409 763 549 825 remisse
576 779 668 838 cure,
730 779 831 822 uerus
859 761 990 822 facilem
1016 769 1148 823 mutatu
1175 769 1305 846 gentem,

177 867 311 936 segnem
332 844 374 908 ed
394 845 554 930 pericula,
575 845 623 906 ite
643 779 778 906 infidam
798 840 840 904 ad
861 845 1059 910 occasiones.
1101 843 1238 906 Barbari
1255 841 1330 924 proi

174 934 275 1020 genio
297 932 435 1074 quisque
455 929 514 990 elii
534 945 650 1011 preces
672 930 807 1004 offerre,
839 925 972 1008 quidem
998 925 1151 990 deserere
1171 927 1256 990 uicos
1282 931 1310 984 et
1337 926 1343 939 '

177 1016 254 1078 avia
275 1011 372 1102 digre
397 1013 427 1085 i;
449 1030 487 1073 ec
507 1013 614 1088 fuere,
635 997 746 1092 quide
767 1007 934 1090 speluncis
956 1018 992 1072 et
1013 1011 1183 1072 carissime
1202 1027 1302 1070 secum
1319 1005 1364 1066 ab·

64 1159 67 1167 Δ
177 1095 307 1160 derent.
350 1092 461 1180 Igitur
482 1090 548 1155 dux
569 1091 735 1155 Romanus
757 1090 899 1154 diversis
920 1094 1062 1172 artibus,
1084 1089 1302 1154 misericordia
1319 1087 1362 1148 ad·

176 1199 296 1244 uersus
318 1177 495 1260 supplices,
517 1175 689 1238 celeritate
708 1171 867 1238 adversus
888 1179 1059 1262 profugos,
1087 1176 1223 1237 immitis
1242 1176 1289 1246 iis,
1319 1168 1370 1256 qul]

176 1263 323 1328 latebras
343 1257 547 1336 insederant,
569 1277 630 1320 ora
652 1267 687 1320 ct
706 1257 814 1322 exitus
835 1278 995 1340 specuum
1016 1259 1192 1322 sarmentis
1218 1256 1371 1342 virgultis-q

176 1365 242 1430 que
263 1343 444 1425 completos
465 1343 536 1428 igni
557 1342 680 1404 exurit.
722 1339 830 1422 Atque
852 1341 947 1404 illum
968 1342 1139 1405 finessnos
1161 1338 1372 1424 praegredienq

177 1437 246 1492 tem
266 1428 484 1487 incursavere
505 1421 620 1484 Mardi
641 1422 826 1486 latrociniis
849 1425 987 1487 exerciti
1007 1433 1188 1506 contraque
1208 1424 1373 1504 irrumpens¹

154 1508 157 1537 ¹
177 1519 248 1572 tem
269 1505 438 1569 montibus
460 1503 601 1571 defensi
639 1505 728 1568 Quos
751 1503 900 1568 Corbulo
926 1508 1082 1568 immissis
1104 1507 1212 1580 iberis
1239 1505 1364 1580 uastauit,

177 1589 401 1680 hostilemque
422 1586 593 1650 eudeciern
614 1595 753 1650 externo
780 1591 941 1676 sanguine
971 1589 1061 1651 nitus
1086 1597 1149 1653 est.

251 1711 277 1762 1.
295 1707 335 1761 At
354 1706 485 1762 Cordule.-
503 1707 535 1760 in
552 1706 596 1761 ed.
615 1704 692 1778 Spir.
712 1704 756 1759 Ac
774 1705 806 1758 0.
826 1737 859 1750 -
877 1713 937 1774 poet
955 1705 1046 1760 deleto
1063 1707 1205 1761 minoto
1227 1707 1264 1762 cf.
1281 1705 1364 1768 13,41.

177 1778 215 1836 ed
232 1781 259 1848 2,
277 1781 322 1846 dd,
342 1784 368 1835 1.
388 1785 418 1833 et
435 1777 499 1832 Iud.
518 1777 572 1832 111.
600 1796 629 1832 v.
648 1777 803 1844 Porticfpio
825 1777 903 1844 Pers.
927 1794 1001 1846 pose.
1025 1793 1079 1846 pro
1101 1779 1233 1832 substant.
1254 1777 1327 1829 obstr.
1343 1779 1376 1816 -’

177 1853 218 1908 od
235 1850 392 1918 compunta
410 1849 487 1906 MSS·
506 1848 586 1904 flor.
607 1849 697 1916 (teste
713 1849 806 1916 vict.)
823 1849 896 1926 ng.
921 1848 1006 1904 Gorb.
1025 1849 1107 1906 Bodl.
1132 1850 1187 1906 les.
1206 1847 1272 1904 Bud.
1291 1847 1377 1900 cucur

175 1923 243 1978 edd.
270 1921 347 1993 Spir.
374 1921 467 1976 Rhen.
491 1923 518 1978 3.
538 1925 565 1978 3.
591 1938 653 1992 sqq.
689 1921 726 1974 od
751 1922 931 1988 occupandae
958 1920 1022 1976 edd
1051 1921 1113 1972 Put.
1139 1926 1166 1978 1.
1185 1923 1211 1978 2.
1238 1919 1296 1973 Ber.
1317 1916 1365 1968 llis.

108 2013 110 2019 ι
177 1994 273 2049 Rham
292 1999 319 2049 1.
339 2023 373 2036 -
408 1992 518 2061 facilen
542 1999 653 2057 nuato,
677 2000 710 2044 ut
728 1991 763 2048 H.
782 1995 810 2056 6,
828 1996 871 2050 63.
893 1993 936 2048 Of.
956 1992 1020 2048 Iud.
1031 1993 1086 2046 111.
1105 2010 1133 2046 v.
1154 1992 1253 2061 Supina
1268 1991 1367 2044 nst.-

177 2067 289 2132 infidum
307 2063 345 2118 od
362 2064 527 2130 oeconoma,
546 2065 571 2117 si
589 2063 700 2116 occasio
719 2062 874 2117 deficiendi
893 2063 1060 2118 offerretur.
1080 2095 1112 2107 -
1141 2063 1172 2116 s'n
1195 2064 1255 2117 acio
1272 2058 1367 2126 digredi

178 2153 208 2192 v.
227 2135 264 2190 ed
281 2137 309 2201 d,
328 2135 372 2191 tt.
392 2167 423 2178 -
462 2139 488 2186 et
506 2135 651 2187 eodemne
668 2133 725 2190 MS.
745 2133 826 2188 Flor.
847 2138 933 2202 (teste
951 2137 1040 2203 Vict.)
1060 2131 1123 2189 edd.
1144 2135 1221 2208 Spir.
1239 2132 1310 2188 Pion
1323 2147 1380 2200 sqq„

178 2223 214 2260 nc
232 2205 374 2260 censens
399 2203 456 2261 MS.
475 2205 573 2261 Guelf.
599 2203 662 2260 edd.
690 2205 756 2261 rut.
775 2209 800 2260 1.
818 2207 847 2262 3.
871 2205 937 2259 Ber.
964 2207 1041 2278 lips.
1063 2207 1149 2261 Grut.
1179 2224 1213 2260 oc
1237 2204 1368 2260 cicrlsriuo

180 2277 243 2334 edd.
262 2275 354 2332 musn.
374 2275 576 2334 1631111.
596 2303 630 2315 -
666 2275 812 2330 adderent.-
831 2277 863 2329 in
881 2277 938 2336 MS.
960 2278 1058 2334 Gueli.
1078 2279 1218 2336 adderent.
1380 2272 1381 2278 '

250 2385 278 2441 2.
305 2380 493 2438 marcorum
517 2382 648 2438 adrem
670 2382 808 2452 supptices
826 2392 880 2438 cet.
917 2384 952 2438 In
979 2384 1023 2438 ed.
1048 2385 1125 2457 Spir.
1155 2385 1226 2442 ordo
1243 2370 1382 2439 embomn'

180 2463 238 2512 ests
256 2455 386 2509 odonna
400 2454 537 2523 profugos
555 2454 711 2508 eeleritate:
738 2453 929 2510 misericordie
947 2457 1079 2510 odoacar
1095 2457 1240 2524 supptices.
1273 2455 1337 2508 Bene
1350 2459 1370 2504 et

179 2527 277 2582 Taciti
300 2527 367 2580 usui
391 2527 617 2593 convenienter;
645 2525 750 2580 Woltlc
772 2557 806 2568 -
841 2525 952 2581 inmitia
974 2527 1026 2580 iis:
1059 2529 1091 2582 in
1114 2529 1172 2584 MS.
1200 2529 1274 2584 Flor.
1299 2525 1371 2594 (teste

54 2657 59 2668 ,
179 2599 283 2664 Emis)
302 2603 332 2652 et
349 2596 394 2652 ed
413 2597 491 2668 Spir.
509 2598 584 2651 inm·
605 2597 660 2652 dis.
682 2629 714 2641 -
749 2599 984 2666 praegredientes
1007 2597 1084 2654 MSS.
1113 2600 1196 2656 Pler.
1225 2598 1308 2666 (teste
1328 2596 1371 2648 lae.

180 2671 287 2743 Grcn.)
306 2667 391 2724 corb.
410 2668 481 2724 Bud.
499 2669 563 2724 edd.
581 2669 640 2724 Iac.
659 2669 749 2736 Gran,
768 2669 843 2723 Ern.
861 2669 940 2725 Brot
961 2687 1023 2742 sqq.
1061 2679 1095 2724 ut
1111 2669 1242 2739 prdeceds'
1256 2674 1282 2736 3,
1298 2673 1321 2726 6.
1335 2665 1372 2717 uti

179 2759 206 2798 v.
229 2749 298 2796 note
315 2742 342 2798 3.
359 2740 636 2808 praetergredientem
654 2739 717 2797 edd.
736 2740 800 2797 Put.
824 2745 850 2798 1.
869 2745 895 2798 i.
915 2741 980 2798 Ber.
1000 2743 1062 2808 (ubi
1081 2743 1167 2798 siluit
1184 2743 1272 2811 vict)
1288 2749 1313 2796 et
1327 2751 1373 2806 sqq·

177 2811 398 2886 progredientem
414 2810 495 2866 MSS·
514 2811 595 2864 Harl·
614 2811 669 2867 les.
689 2803 785 2868 Guelf.
815 2811 887 2874 (non
905 2812 948 2866 ita
965 2821 999 2866 ut
1017 2813 1147 2884 syllabae
1165 2822 1240 2869 oefer
1260 2816 1291 2867 in
1305 2811 1375 2864 litun

179 2885 252 2950 sint,
271 2885 298 2939 si
314 2882 384 2938 ddes
402 2885 501 2956 potius
519 2881 651 2938 habenda
667 2882 824 2938 Weltherc
842 2901 928 2954 quarn
946 2883 1032 2950 Ero.)
1051 2884 1094 2938 ed.
1112 2886 1192 2958 Spir.
1210 2885 1240 2939 s'n
1256 2887 1316 2952 fines
1327 2893 1375 2931 raet

159 3023 172 3032 ἱ
178 2955 399 3024 progredientem
416 2952 474 3012 MS.
493 2951 565 3030 Agr.
585 2981 619 2993 -
655 2953 756 3009 Mardi
780 2955 812 3008 in
837 2955 974 3010 Armenia
998 2957 1078 3010 inter
1101 2958 1226 3012 Pontum
1251 2955 1376 3012 Euxinum

182 3035 215 3082 et
231 3043 312 3083 mare
331 3025 477 3097 Caspium.
496 3042 526 3078 ι.
545 3025 620 3079 Ptol.
638 3027 665 3091 5,
685 3028 728 3082 13.
748 3032 778 3080 et
794 3025 869 3078 Plin.
888 3029 915 3092 6,
934 3029 961 3084 6.
980 3027 1041 3082 Alii
1059 3027 1153 3082 Mardi
1172 3032 1206 3084 in
1220 3027 1325 3084 Perside
1339 3019 1376 3074 vel

181 3097 277 3152 Persis
295 3097 427 3173 contigui
444 3112 490 3166 ep.
509 3094 619 3151 Herod.
637 3099 664 3164 1,
683 3098 746 3154 125.
765 3103 795 3150 et
812 3097 888 3152 Plin.
908 3098 936 3164 6,
955 3101 998 3156 16.
1018 3101 1062 3154 2⁷.
1093 3100 1129 3154 de
1196 3116 1278 3155 orum
1299 3105 1377 3150 umen

182 3169 312 3238 feritate,
342 3167 505 3223 latrociniis
532 3175 562 3223 et
586 3169 649 3222 rita
675 3174 813 3222 montem
835 3168 933 3230 eadem
957 3169 1077 3224 tradunt
1101 3171 1169 3226 Stra
1188 3188 1206 3226 o
1223 3171 1270 3228 xl.
1287 3187 1313 3240 p·
1329 3167 1377 3223 361-

183 3239 300 3294 Arriae·
318 3237 389 3296 hist.
414 3239 477 3294 ind.
502 3241 548 3302 4⁰,
565 3243 591 3298 6.
617 3246 648 3294 et
665 3237 747 3293 Gurt.
768 3243 794 3300 ⁵,
813 3242 839 3297 6.
866 3240 1029 3294 Mardorum
1051 3255 1121 3308 gens
1147 3241 1341 3319 tetttmp'ssr'so
1358 3239 1378 3286 tl

181 3311 290 3364 nitran
307 3325 326 3362 o
342 3311 443 3364 eeters'r
459 3309 554 3365 Persia
571 3311 644 3364 culto
660 3312 735 3364 vitoe
753 3309 909 3368 attonem.
946 3311 1049 3381 Speras
1074 3313 1104 3366 ia
1124 3314 1256 3368 nontidse
1282 3309 1378 3378 fodistis

85 3429 90 3440 ,
182 3380 214 3435 s'n
239 3397 303 3450 quos
327 3395 409 3449 seque
432 3396 466 3432 oc
490 3380 619 3446 coniuges
643 3387 671 3434 et
688 3381 788 3434 fideres
805 3383 938 3436 condente
969 3399 1090 3452 pecorosa
1113 3387 1161 3440 aet
1178 3385 1296 3452 serenan
1316 3391 1380 3434 rore

183 3458 336 3508 cessantur.
368 3450 412 3505 Cf.
431 3451 576 3508 Mannerti
600 3453 707 3530 (iacgr.
731 3449 766 3504 ’1.
785 3453 818 3509 V.
845 3457 874 3512 P.
895 3454 932 3511 11.
957 3471 988 3526 p.
1008 3457 1068 3513 136.
1087 3459 1148 3513 666.
1168 3489 1202 3501 -
1237 3451 1379 3509 temesis

181 3523 263 3580 MSS.
282 3530 314 3578 et
331 3519 394 3578 edd.
422 3539 513 3592 pacm
540 3523 672 3607 omnibps
691 3521 805 3576 Hiberis
823 3525 871 3580 vel
888 3526 1020 3596 Hyders's,
1052 3528 1103 3583 sed
1126 3528 1193 3582 eliis
1217 3527 1288 3582 locis
1308 3521 1380 3578 fierit

184 3596 218 3650 in
244 3593 308 3650 edd.
334 3609 394 3678 reo.
418 3625 451 3636 -
486 3593 625 3649 meten:
656 3595 775 3660 „Ger-m.
803 3594 1031 3675 ieindselig,
1063 3607 1097 3652 ut
1124 3589 1381 3666 HMMWQ

183 3665 262 3722 dem
280 3664 417 3719 Fernde
442 3663 605 3743 gehdrip
632 3667 678 3734 16,
696 3667 722 3722 5.
742 3673 772 3720 et
790 3665 856 3721 aliis
875 3667 948 3722 locis
976 3669 1204 3726 feindlicffl
1231 3665 1381 3726 antieriu

183 3734 390 3812 Menoeceu,
409 3737 566 3806 tuctu
604 3735 643 3791 At
660 3744 808 3807 postrema
833 3741 915 3794 notio
935 3740 1024 3796 etiam
1040 3741 1070 3798 h.
1090 3741 1111 3794 1.
1129 3750 1205 3814 apte,
1232 3749 1263 3797 et
1279 3738 1382 3796 tortiles

183 3806 940 3958 ldss¹isi'is“iiir”m'“i⁸¹ii‘'u‘i}“⁰m’
959 3811 1120 3870 mmm
1147 3813 1191 3870 ⁰⁶
1210 3813 1249 3869 “¹
1266 3813 1290 3880 ¹'
1307 3809 1380 3876 ⁴¹’²

618 4021 810 4079 CAPUT
848 4023 972 4084 ΗΠ.

268 4131 345 4217 lpse
365 4113 606 4215 exercitusque,
627 4139 667 4194 ut
686 4131 786 4195 nullis
807 4152 848 4196 ex
875 4134 1007 4215 proelio
1029 4133 1167 4216 demnis,
1197 4139 1247 4200 ita
1266 4153 1325 4219 per
1341 4131 1382 4192 iu-

187 4213 298 4298 opiam
318 4222 354 4278 et
374 4213 505 4278 iabores
525 4214 724 4280 fatiscebant
744 4235 844 4281 earne
866 4215 1031 4302 pecudum
1060 4220 1258 4305 propulsare
1278 4221 1382 4280 femen
