2800 4790
112 102 116 113 ι
146 165 211 230 216
526 153 770 224 ANNALIUM
789 153 874 220 LIB.
897 151 990 218 XlIl.

147 335 177 400 3,
196 331 241 388 63.
260 361 293 372 -
312 324 522 387 damnationem
540 322 644 378 anteiit
661 319 738 376 MSS.
757 319 838 378 lior.
856 318 942 376 Bodl.
959 319 1032 374 liud.
1051 319 1114 376 edd.
1133 317 1226 374 aske.
1243 317 1368 378 waes.

148 403 201 462 Sic
218 403 246 469 5,
264 403 290 459 6.
311 407 341 455 et
358 401 385 468 0,
404 401 447 456 29.
473 399 501 452 d.
521 394 672 450 antevertit
691 391 749 449 MS.
776 391 873 448 Guelf.
892 390 955 448 edd.
974 400 1029 446 cet.

209 477 246 530 ’2.
267 471 299 528 G.
319 469 454 525 Aminios
470 467 577 522 Rediue
595 465 676 523 MSS.
695 464 775 521 Flor.
794 465 871 518 Vatt.
898 483 923 517 a.
942 462 1097 517 Verte-anio
1115 462 1250 534 inspecti,
1279 461 1369 518 corb.

142 545 222 604 iibri
240 551 301 599 vet.
320 543 414 614 lipsii
441 548 470 596 et
494 539 556 596 edd.
582 554 641 592 ree.
671 535 827 590 GArniniue
849 533 945 588 rebius
967 533 1027 589 MS.
1053 533 1150 592 Guelf.
1176 534 1226 588 sed
1248 534 1274 587 0
1293 553 1311 586 a
1330 552 1369 590 m.

149 634 207 672 esc.
244 613 378 668 Ananiae
402 607 508 666 Re'bine
532 607 611 664 MSS.
631 608 712 662 Harl.
732 606 812 660 Bodl.
832 605 888 661 les.
908 606 971 664 edd.
996 606 1060 663 rut.
1081 610 1105 663 1.
1124 608 1142 661 2
1160 623 1222 677 sqq.
1255 607 1371 658 Ammi-

149 688 218 743 niue
234 686 339 741 Rebiue
356 683 412 739 MS.
431 681 501 738 Bud.
540 681 689 736 caninius
706 679 814 734 Rodiae
829 677 889 734 MS.
908 677 979 753 Meg.
998 686 1028 733 et
1046 677 1090 734 ed.
1110 674 1188 748 Spir.
1217 677 1370 732 caeninius

149 760 249 815 rebius
267 761 300 812 in
317 775 411 836 marg.
430 754 489 811 MS.
510 753 606 810 Gueli.
627 771 699 806 arn.
718 760 776 808 vet.
813 751 844 807 0.
863 751 999 804 Annaeus
1016 749 1122 803 iiebine
1139 747 1198 802 MS.
1216 749 1292 828 Agr.
1313 750 1371 802 Ca-

149 832 250 886 ninius
269 825 383 884 Rebilus
403 825 446 882 ed.
465 827 539 882 Lall.
561 827 669 882 eccui.
689 823 794 896 Lipsii,
812 823 881 895 quia
891 822 1008 876 Rebilus
1026 829 1070 876 est
1088 837 1250 898 cognomen
1270 822 1370 896 gentis

151 903 296 972 Caniniae
315 909 345 955 et
361 899 478 954 Rebilus
495 900 675 954 memoratur
693 897 756 950 Liv.
777 899 821 964 42,
841 899 884 954 28.
908 895 981 957 alius
1006 911 1075 948 vero
1100 901 1129 946 et
1152 893 1271 964 quidem
1301 911 1370 946 eon-

147 975 258 1036 soleris¹
274 973 355 1028 dives
373 980 404 1028 et
422 971 540 1025 infamis
558 969 627 1026 Seu.
646 971 681 1025 da
698 971 761 1026 ben.
780 971 808 1036 2,
825 972 868 1026 21.
888 971 934 1026 27.
964 1001 997 1012 -
1019 965 1166 1038 pecuniae,
1185 965 1385 1030 divitiarum„

150 1064 254 1186 eu
268 1064 302 1173 ’.ι
317 1045 356 1172 :l
369 1047 401 1183 ²³3
415 1047 511 1183 iis
530 1036 1300 1183 aestate?uuna-:estust.
1314 1038 1370 1164 u·

149 1190 246 1244 tanna
266 1193 308 1257 14,
327 1191 372 1247 56.
392 1189 491 1242 eadem
510 1194 540 1242 et
557 1186 615 1246 MS.
634 1189 724 1246 Vatia.
743 1188 845 1259 Lipsii.
876 1219 910 1232 ·-
929 1185 1076 1251 concessit,
1100 1192 1135 1236 ut
1151 1187 1178 1250 4,
1195 1185 1240 1240 38.
1262 1182 1304 1236 id.
1324 1182 1385 1253 qd„

149 1261 287 1316 wnceeeit
305 1261 366 1314 uita
386 1267 416 1314 et
433 1261 495 1326 fato
514 1263 541 1328 1,
560 1263 586 1317 3.
606 1263 633 1325 2,
652 1262 695 1315 71.
716 1292 749 1304 -
765 1259 996 1329 praecipuaeque,
1015 1266 1045 1313 et
1063 1255 1202 1332 insignes,
1221 1254 1368 1332 ingentes,
1384 1297 1385 1300 .

149 1349 217 1404 opes
235 1333 315 1388 donia
333 1332 445 1386 artibus
464 1347 504 1386 sc.
524 1333 677 1402 quaesitae,
696 1340 803 1403 partae.
841 1331 1039 1402 quaesitaeque
1057 1328 1133 1383 coni.
1152 1325 1251 1380 lisias.
1273 1328 1385 1404 -eaij

149 1433 164 1448 -
176 1405 316 1472 inoffensa
335 1410 377 1457 tot
396 1403 604 1472 Imperatorum
620 1403 736 1457 matitia
753 1404 811 1472 fuit
827 1419 882 1476 pro
907 1401 1040 1480 wlgari:
1078 1404 1104 1454 et
1127 1414 1145 1454 a
1168 1413 1221 1470 quo
1246 1413 1304 1453 aaa
1327 1401 1369 1466 os·

151 1477 228 1544 fenei
246 1483 287 1532 tot
305 1476 495 1547 Imperatores
511 1475 592 1532 enati.

580 1631 774 1688 CAPUT
825 1631 940 1688 xxxt.

233 1738 370 1804 Nerone
397 1739 589 1820 secundum,
624 1741 665 1802 L.
695 1739 814 1804 Pisone
842 1737 1032 1802 oonsulibus
1067 1757 1173 1821 pauca
1207 1739 1370 1800 memoria

150 1821 256 1908 digna'
272 1843 427 1904 evenere,
449 1827 515 1890 nisi
536 1827 592 1888 cui
613 1823 725 1902 libeat,
753 1821 924 1886 laudandis
955 1821 1174 1884 fundamentis
1202 1829 1238 1884 et
1266 1821 1369 1882 trabi·

150 1907 224 1986 bus,
256 1909 330 1990 quis
362 1911 482 1970 molem
514 1907 753 1990 amphitheatri
781 1906 870 1988 apud
903 1925 1056 1988 campum
1088 1904 1212 1968 Martis
1249 1901 1369 1966 Caesar

151 1998 374 2069 exstruxerat,
401 1992 571 2053 volumina
594 1991 746 2072 implere,
780 2009 882 2072 quum
910 2009 950 2051 ex
978 1987 1140 2074 dignitate
1168 1987 1287 2070 populi
1309 1987 1366 2048 llo·

150 2075 241 2134 mani
262 2081 434 2154 repertam
456 2076 512 2152 sit,
534 2093 588 2135 res
617 2073 764 2134 illustres
793 2073 978 2144 annalibus,
1010 2073 1091 2132 talia
1119 2070 1251 2132 diurnis
1273 2069 1368 2131 Urbis

149 2157 233 2218 actis
255 2155 427 2218 mandare
467 2153 625 2217 Ceterum
647 2157 798 2218 coloniae
821 2153 933 2238 Capua
953 2163 1052 2234 atque
1072 2153 1227 2216 Nuceria.
1249 2153 1385 2216 additis

148 2239 318 2300 veteranis
339 2237 491 2300 firmatae
511 2247 599 2317 sunt,
622 2239 797 2322 plebeique
819 2241 1026 2324 congiarium
1045 2237 1269 2382 quadriqqeui
1281 2237 1385 2298 numi*

150 2321 281 2382 viritim
303 2319 392 2399 dati,
420 2331 455 2384 et
483 2323 676 2384 sestertium
704 2320 974 2409 quadringenties
1001 2323 1133 2383 aerario
1163 2323 1175 2381 i
1202 2330 1296 2384 atam
1324 2327 1385 2404 estj

149 2401 193 2464 ad
214 2401 424 2466 retinendam
445 2405 562 2487 populi
581 2403 690 2469 fidem.
735 2405 888 2490 Vectigal
910 2424 1039 2488 quoque
1060 2406 1194 2487 quintae
1221 2412 1257 2466 et
1283 2407 1385 2467 viee,

149 2485 253 2550 simae
274 2487 443 2549 venalium
464 2488 708 2569 mancipiorum
729 2491 907 2549 remissum
934 2489 1044 2570 specie
1073 2489 1177 2578 magis
1190 2507 1301 2569 quam
1326 2487 1385 2562 ri,

150 2567 239 2652 qaia,
262 2588 363 2652 quum
384 2570 542 2634 venditor
563 2570 709 2652 pendere
731 2571 917 2650 iuberetur,
940 2575 976 2632 iu
997 2578 1127 2653 partem
1148 2571 1251 2653 pretii
1285 2589 1385 2652 emp-3

84 2665 87 2672 ’
149 2651 282 2714 toribus
315 2655 534 2716 accrescebat.
588 2653 701 2714 Edixit
732 2649 866 2733 Caesar,
897 2673 936 2714 ne
968 2657 1040 2736 quia
1070 2657 1286 2736 magistratus
1317 2661 1385 2713 aut÷

90 2741 93 2750 ’
146 2743 355 2820 premeretur,
386 2739 445 2818 qui
473 2739 670 2817 prouinciam
703 2735 873 2813 obtineret,
907 2737 1121 2816 spectaculum
1151 2737 1385 2819 gladiatorum.

149 2829 213 2880 aut·
229 2818 373 2897 ferarum
394 2829 452 2881 aut
472 2819 559 2901 quod
578 2818 669 2881 aliud
687 2818 841 2880 ludicrum
862 2819 978 2884 ederet.
1012 2819 1100 2882 Nam
1121 2829 1198 2882 ante
1219 2841 1290 2884 uon
1311 2820 1367 2880 mi·
1384 2817 1385 2848 l

149 2923 214 2966 nas
235 2903 296 2964 tali
318 2903 498 2988 largitione
519 2922 617 2984 qaam
638 2900 862 2984 corripiendis
883 2905 1033 2985 pecuniis
1054 2903 1222 2968 subiectos
1249 2903 1385 2990 afflige·

149 2985 242 3058 bant,
264 2983 356 3066 dum,
380 3005 464 3067 quae
485 2984 623 3048 libidine
644 2983 866 3068 deliquerant,
888 2987 1017 3048 ambitu
1039 2994 1262 3073 propugnant.

223 3107 248 3159 l.
269 3101 382 3156 Nerone
399 3101 565 3157 secundum:
593 3103 626 3156 in
643 3101 701 3158 MS.
722 3102 820 3161 Gaelf.
849 3111 879 3157 et
897 3103 941 3158 ed.
961 3103 1036 3176 Spir.
1055 3103 1091 3160 N.
1111 3101 1240 3158 secundo.
1272 3103 1319 3158 ci.
1337 3101 1368 3156 ad

149 3189 175 3226 a.
195 3176 238 3230 at.
257 3175 354 3245 princ.
373 3182 403 3230 et
421 3173 457 3229 ad
474 3179 519 3240 14,
538 3177 583 3241 Ml,
603 3179 628 3230 1.
649 3207 681 3218 -
700 3173 732 3227 L.
754 3174 856 3228 Pisone
877 3175 942 3228 filio
966 3177 999 3228 L.
1018 3175 1072 3230 Gal
1093 3177 1174 3229 urnii
1192 3176 1313 3240 Pisonis,
1338 3173 1368 3225 de

191 3261 256 3304 ov.
277 3246 312 3299 ad
330 3249 357 3309 4,
377 3248 421 3302 ot.
441 3279 475 3290 -
494 3252 675 3300 exstruxerat
692 3243 773 3302 MSS.
793 3247 874 3302 Flor.
894 3245 978 3312 (teste
994 3247 1050 3301 Iac.
1095 3247 1174 3315 ron.)
1191 3246 1233 3301 Re
1255 3246 1367 3301 .Gaelf.

173 3311 220 3372 ud.
240 3316 323 3371 Harl.
342 3315 423 3372 Bodl.
448 3316 473 3370 A
495 3335 520 3371 r.
550 3317 613 3371 edd.
637 3317 716 3389 Spin·
738 3316 830 3372 Rhea·
854 3319 880 3374 2·
902 3321 929 3374 3.
954 3335 1017 3390 sqq.
1042 3325 1205 3372 extruserat
1255 3316 1288 3372 S.
1317 3317 1366 3370 les.

149 3383 213 3442 edd.
233 3387 296 3438 Put.
315 3389 341 3440 1.
358 3390 385 3444 2.
405 3387 468 3441 Rir.
512 3406 553 3446 er.
572 3387 663 3442 Rhea·
685 3395 709 3442 l.
730 3389 915 3442 adstruxerat
934 3389 996 3444 edd.
1013 3388 1093 3443 Pich.
1111 3397 1142 3444 st
1154 3391 1244 3448 Grau.
1265 3394 1368 3444 eastra-

148 3458 227 3513 aerit
246 3457 324 3527 carri
349 3501 355 3514 .
374 3459 495 3529 putabat
508 3459 580 3511 Era.
596 3457 685 3512 Male:
705 3477 772 3512 nam
785 3457 903 3514 Tacitus
915 3476 973 3514 non
987 3461 1121 3530 loquitur
1139 3459 1174 3516 de
1192 3459 1368 3532 amphithea-

149 3539 233 3655 u..
268 3475 604 3654 adsensus
624 3529 819 3655 luet
843 3531 920 3654 33
937 3531 1047 3660 riu
1065 3531 1156 3656 lu
1180 3533 1368 3656 euru

148 3637 282 3737 Romani,
301 3673 339 3740 ci.
356 3669 394 3724 ad
412 3617 462 3728 G?
467 3675 494 3726 7.
514 3690 542 3727 n.
563 3675 588 3726 1.
608 3601 872 3739 ιὲἕέἰςηίίᾶιιῖῖι
886 3620 986 3742 queed.
1006 3619 1385 3744 Ἐρίικκ-Ἑιᾞεξὶιιιχρὴ]-1

149 3743 297 3798 stitutum.
316 3775 350 3787 -
370 3758 419 3796 ree
436 3743 567 3797 illustres
585 3743 736 3798 annalibus
754 3745 941 3812 -mandare,
961 3747 999 3800 cf.
1015 3745 1110 3800 Praei.
1128 3764 1158 3818 p.
1173 3745 1271 3799 xxtx.
1288 3745 1365 3798 ffl-
1384 3763 1385 3808 l

148 3814 313 3868 scribendas
331 3820 398 3885 post
415 3812 545 3868 illustres
562 3815 670 3869 addunt
687 3813 771 3872 MSS.
790 3815 831 3870 Re
854 3853 861 3868 .
944 3853 953 3870 .
973 3817 1016 3871 ad.
1036 3815 1115 3887 Spir.
1136 3845 1168 3856 -
1188 3818 1302 3870 dianio
1317 3815 1368 3869 Ur·
1384 3833 1385 3878 3

149 3885 197 3939 bie
212 3883 299 3951 actis,
318 3903 346 3940 v.
365 3882 402 3939 ad
419 3887 446 3952 3,
465 3889 492 3952 3,
506 3891 531 3942 1.
552 3911 586 3922 -
605 3886 750 3940 aeterum:
774 3887 807 3940 in
824 3835 883 3944 155.
927 3889 983 3944 lor.
1003 3895 1077 3942 teste
1095 3888 1186 3942 iberia
1203 3895 1318 3942 ceterae.
1337 3911 1366 3924 ··
1384 3927 1385 3946 .

149 3956 342 4025 congiarium,
373 3973 402 4008 v.
431 3955 468 4010 ad
493 3959 538 4023 12,
563 3959 608 4024 41,
634 3963 659 4014 1.
699 3958 791 4024 Huius
818 3959 963 4036 congiarii
986 3960 1129 4014 memoria
1156 3961 1188 4014 in
1212 3975 1300 4012 numo
1323 3973 1385 4025 ap.¹

150 4027 294 4081 flausin-
313 4027 367 4082 sel.
387 4044 455 4098 opp.
474 4045 503 4098 p.
524 4031 585 4084 722.
607 4035 715 4095 exstat;
732 4028 815 4086 Brot.
848 4060 880 4072 -
908 4029 1020 4084 additis
1036 4031 1189 4097 ueteranis,
1215 4033 1255 4086 ci.
1272 4029 1308 4082 ad
1327 4030 1385 4090 14,

150 4101 202 4166 27,1
215 4101 242 4154 2.
274 4126 304 4137 -
326 4099 519 4168 quadringeni
536 4101 614 4152 numi
629 4099 741 4154 uiritim
767 4101 840 4167 dati,
863 4103 902 4154 cs.
926 4101 990 4159 lud.
1009 4100 1062 4158 111.
1088 4119 1117 4160 v.
1138 4102 1315 4156 Pteonaemua
1339 4105 1385 4162 et,

151 4169 188 4223 ad
205 4169 241 4222 Η.
262 4173 288 4235 1,
306 4171 351 4226 24.
389 4169 584 4240 quadringeni
602 4179 682 4225 recto
702 4172 761 4225 add.
781 4171 860 4227 Pich.
880 4189 942 4255 sqq.
969 4189 997 4226 r.
1021 4171 1101 4228 Suet.
1122 4173 1254 4228 Ner-1⁰·
1274 4167 1365 4226 0000

151 4239 232 4297 MSS·
257 4237 340 4320 aaa.
366 4237 419 4295 iss.
446 4239 574 4298 GGCGti·
599 4241 658 4297 MS.
679 4241 777 4298 Gusli.
806 4243 994 4314 quadragenti
1015 4241 1074 4302 MS.
1099 4243 1170 4300 Bud.
1198 4239 1385 4314 quadrigeni
