2804 4790
167 205 317 274 orror
335 205 480 274 xum
512 205 671 272 xnvm.
692 203 879 289 (eonon
900 191 941 276 i.
956 205 1074 292 c.o1.>
1162 211 1225 278 ue

5 375 105 434 eund.
124 375 232 432 Heinr-
250 373 377 442 „lieotee
396 375 516 453 unguis
534 373 614 430 enim
631 373 707 430 nodo
724 375 803 429 faoto
819 373 975 447 peululum
999 373 1085 432 modo
1106 356 1224 436 'meroe-

5 457 44 502 tur
61 457 91 502 et
109 445 292 520 impeditor,
318 463 376 518 quo
401 448 500 502 minus
524 463 667 524 regyrare
692 445 799 512 valeat,
823 463 883 501 non
910 449 1063 515 effunditur
1086 449 1118 504 in
1140 460 1223 508 artur

6 530 154 586 extremos,
174 518 226 574 red
243 519 382 587 euffondii
399 517 568 584 articulum,
587 526 622 571 ut
639 533 738 572 omnen
756 519 864 573 sciunt.
883 519 961 574 ilino
978 537 1049 576 vero
1067 519 1224 580 delendum

6 593 57 648 ia.“
74 593 151 645 Erre.
174 593 207 645 e'n
227 598 306 644 ornis
323 608 355 645 ee
372 596 442 644 extr.
462 607 485 644 e.
505 590 581 644 coni.
600 588 658 643 leo.
678 589 771 642 Gron.
810 589 868 645 Sed
884 591 1037 658 euffndm't
1056 594 1144 654 etiarn
1163 594 1224 648 dici

6 665 88 736 potuit
106 679 170 736 pro
189 665 253 730 neff.
274 678 304 716 ee
321 666 353 718 in
372 662 589 740 significatione
606 660 705 718 medii.
725 660 770 714 Gi.
779 662 815 717 ed
824 665 852 728 4,
862 665 906 728 41,
917 667 943 721 2.
955 695 988 706 -
1008 669 1104 736 atque.-
1123 670 1156 719 in
1165 665 1224 720 MS.

5 737 60 864 {ff
78 737 130 792 ad.
153 767 189 779 -
209 750 355 802 arcanum,
374 733 546 808 dnddpneor,
570 733 786 787 eenotieeimum
809 742 840 788 et
856 732 1046 795 horrendum.
1070 735 1225 791 orobonnnr

71 817 137 864 vet·
1147 827 1149 836 ¹

60 884 88 936 b
109 877 167 952 qui
183 895 219 932 ea
235 877 330 933 vinela
349 877 519 943 admonebat,
538 875 643 948 quibos
661 873 781 932 dextrae
825 877 986 964 olliceoque
1010 879 1223 936 vinciebantur.

5 952 87 1006 dnelu
105 950 169 1005 MS.
189 951 273 1008 Flor.
292 951 370 1020 quod
387 955 564 1004 revocarunt
581 946 672 1003 Beki
703 955 734 1002 et
751 948 811 1004 We
824 948 867 1019 ‚tn
895 967 964 1022 quia
988 959 1158 1007 oonetanter
1181 953 1225 1008 eie

5 1023 124 1079 Tacitus.
151 1021 246 1077 Iidem
264 1031 364 1076 tamen
380 1021 494 1075 vinonio
513 1019 658 1091 scripsere
676 1024 703 1085 Ι,
721 1019 765 1076 55.
784 1021 821 1078 ll.
841 1025 867 1087 l,
886 1023 932 1078 58·
950 1023 978 1087 4,
998 1025 1041 1079 ib.
1060 1033 1090 1078 et
1107 1023 1225 1080 aloin-

5 1099 57 1148 cete
79 1095 139 1150 MS.
154 1094 254 1148 Guelf.
274 1102 305 1148 et
322 1094 403 1150 editt.
422 1110 514 1165 paene
532 1106 641 1146 omnen.
652 1123 685 1135 -
696 1089 834 1145 deoidieee
852 1093 1011 1160 eorinola,
1029 1110 1089 1150 non
1106 1096 1224 1163 virum

6 1165 109 1220 n‘aeet.
130 1197 165 1210 -
193 1166 336 1220 armatam
355 1173 385 1220 et
402 1166 560 1218 incurvans
579 1180 619 1228 ee,
637 1169 672 1216 ut
690 1179 722 1217 ea
740 1163 868 1218 tolleret.
889 1187 926 1210 -.
942 1182 1079 1220 eonenren
1086 1167 1224 1236 plurium,

5 1239 132 1308 pluribus
152 1238 382 1306 adcurrentibus.
403 1236 448 1290 Cf.
468 1233 532 1289 lnd.
553 1230 606 1290 lll.
626 1251 655 1289 r.
679 1234 811 1288 Ablotioe‘
828 1233 1075 1292 Subelantr'voreeno
1101 1236 1225 1292 abeblule'

5 1319 27 1362 et
41 1311 169 1378 Eliipeee
177 1309 201 1365 1:
211 1327 238 1376 γ.
249 1335 283 1348 -·
301 1307 476 1363 e'nie'oinntaer
486 1303 542 1358 MS.
554 1304 652 1358 Guelr.
666 1303 728 1359 edd.
739 1305 817 1392 Spir.
837 1308 916 1434 hipp.
959 1315 1038 1367 oter.
1058 1309 1139 1368 Piob.
1160 1327 1194 1380 eq
1216 1347 1224 1364 .

5 1383 162 1435 initiantur
177 1377 239 1434 MS·
259 1379 339 1434 Flor.
360 1379 424 1434 edd.
442 1377 535 1432 Rben.
553 1378 626 1442 ²2³·
645 1377 811 1450 Aldlnpe.
828 1382 854 1434 1:
915 1379 935 1432 k
959 1417 966 1434 .
985 1380 1143 1435 initiantur
1161 1381 1196 1436 ed

5 1453 61 1510 lut.
73 1457 97 1508 l.
106 1455 136 1508 ².
148 1451 214 1506 Ber.
223 1449 315 1506 Rben.
327 1456 351 1509 l.
372 1479 407 1490 -
419 1467 453 1504 oo
470 1449 608 1516 compede,
627 1449 702 1518 qaod
719 1449 886 1504 dedecorem
903 1453 1047 1520 borbum,
1071 1453 1117 1520 (ot
1129 1453 1225 1520 Ml.)

5 1523 166 1578 tradebatur
188 1521 240 1590 (nt
257 1523 334 1594 apud
349 1530 449 1593 poetes
467 1528 497 1575 et
516 1519 630 1576 Colum.
648 1520 682 1574 R.
700 1519 733 1576 R.
754 1525 782 1586 8,
800 1520 844 1588 2)
873 1521 936 1578 edd
954 1525 1027 1578 Ern.
1054 1524 1133 1578 Brot.
1159 1543 1222 1596 sqq.

5 1614 36 1648 ex
59 1593 170 1650 emend
190 1594 269 1664 Lipe.
298 1611 332 1647 oe
356 1594 499 1662 eonapedee
521 1589 581 1648 MS.
608 1592 706 1648 Gueli.
734 1591 797 1648 edd.
822 1593 887 1646 Put.
913 1599 938 1650 1.
962 1597 988 1652 2
1015 1603 1045 1650 et
1069 1603 1125 1652 oet.
1156 1603 1225 1652 ante
1272 1613 1278 1626 ·

5 1668 72 1722 Ere
91 1668 129 1720 od
144 1667 288 1733 eompedee
306 1662 363 1719 MS.
382 1664 454 1742 Reg.
475 1662 567 1724 eted.
587 1661 664 1735 Spir.
704 1663 846 1730 „Tacitus
869 1665 906 1719 ad
929 1681 1043 1721 morem
1061 1665 1225 1721 Romanum

5 1747 108 1792 nerrat.
146 1737 280 1802 Iniectae,
300 1738 407 1808 inquit,
426 1741 558 1790 rutenae:
586 1737 676 1788 immo
702 1743 733 1790 et
758 1735 882 1814 oblongo
907 1737 1037 1805 compede
1062 1736 1226 1792 tradebatur

5 1829 54 1880 per
71 1811 159 1862 viam.
196 1807 250 1875 Qui
263 1809 344 1874 ritus
363 1807 438 1879 opud
455 1807 599 1861 Romanos
618 1807 735 1877 quidem
753 1817 889 1877 receptus
908 1809 1001 1862 estin
1019 1809 1150 1864 custodia
1168 1810 1227 1862 mi·

6 1881 92 1944 litari,
111 1890 143 1933 at
158 1879 237 1952 apud
253 1880 393 1934 barbae-oe
411 1879 543 1932 dedecori
560 1876 687 1932 habetur
705 1885 736 1932 et
753 1895 881 1934 summae
900 1881 1089 1957 ignominiae.
1107 1900 1136 1935 r.
1150 1871 1223 1935 lixo.

6 1953 38 2004 ll
57 1951 92 2006 ad
108 1951 175 2006 Tac.
195 1953 274 2007 Anu.
295 1950 473 2020 lll.“1.ipe.
509 1949 812 2005 inlinuntur-catenae
830 1965 865 2004 oo
881 1953 1034 2020 compedes,
1063 1969 1117 2024 quo
1140 1953 1226 2006 dede·

6 2041 67 2076 ωτι
88 2023 220 2076 barbarie
244 2020 407 2078 emittatur
433 2023 586 2087 (oneratos
611 2022 720 2078 oetenie
744 2029 774 2076 et
800 2029 912 2076 treotue
937 2025 974 2077 iia
998 2021 1227 2091 ostendebatur)
1313 2049 1318 2062 ·

5 2096 176 2152 coniiiron
195 2094 277 2150 iniec.
295 2099 350 2148 eat.
364 2110 398 2148 ae
409 2095 554 2161 compedee
571 2098 607 2158 et,
627 2093 701 2177 prod
719 2093 885 2166 dedecerent
901 2095 1042 2162 barbarie,
1062 2093 1226 2149 tradebatur

6 2167 74 2220 lene.
92 2184 128 2220 ne
149 2166 282 2236 compede
306 2181 358 2220 eoo
385 2173 441 2220 oet.
466 2164 570 2218 Aurel-
595 2162 653 2218 alie
677 2163 739 2218 alii.
777 2163 835 2219 Sed
857 2165 1039 2237 probabilior
1066 2177 1110 2222 est
1127 2165 1225 2238 Lipeii

6 2240 151 2294 remotio.
172 2269 207 2280 -
224 2253 302 2302 mox,
320 2237 389 2307 poio
405 2235 462 2288 MS.
481 2235 562 2290 Flor.
580 2233 642 2290 odd.
661 2233 739 2304 Spin.
758 2235 873 2292 Walth.
908 2253 1027 2309 morqoe
1044 2239 1146 2308 nulgue
1165 2239 1191 2292 d.
1202 2235 1225 2291 ι’.

5 2309 247 2378 Μϋιωιμοὸνα
264 2315 321 2364 oet.
342 2306 401 2362 MS.
420 2306 520 2364 Gueli.
540 2305 601 2362 edd
624 2309 691 2363 Put.
710 2310 735 2362 1.
754 2310 781 2365 Ἅ-
799 2317 829 2362 et
846 2315 902 2364 oet.
924 2335 956 2348 -
993 2311 1032 2363 Et
1055 2317 1135 2363 noni
1158 2325 1227 2362 eon-

6 2387 50 2434 lro
65 2379 146 2436 MSS.
166 2379 269 2435 Guell'.
288 2379 369 2432 Harl.
389 2379 471 2436 Bodl.
491 2378 545 2435 lee.
565 2378 630 2433 edd.
649 2377 713 2431 Put.
734 2382 759 2433 l.
777 2382 803 2436 2.
824 2378 889 2435 Ber.
908 2379 1000 2434 liben.
1020 2385 1045 2436 1.
1063 2385 1089 2438 2
1109 2385 1136 2438 3.
1154 2381 1224 2434 illd.

7 2453 77 2522 lips.
95 2451 193 2522 llyck.
212 2469 275 2522 sqq.
313 2451 350 2504 Et
369 2457 451 2504 eram
469 2457 601 2504 econtra
619 2447 699 2505 MSS.
718 2449 799 2504 Flor.
819 2451 896 2518 (teet.
916 2451 995 2507 Pioh.
1016 2461 1046 2506 et
1063 2453 1138 2508 Viot.
1164 2467 1225 2506 non

7 2523 100 2590 l'uria)
123 2523 147 2576 ll
189 2559 196 2574 .
220 2525 312 2648 .ἒῖιὸ
320 2521 382 2576 edd.
408 2521 487 2593 Spir.
518 2527 549 2575 et
573 2529 628 2577 oet.
665 2521 749 2576 liano
770 2531 840 2592 puto
864 2530 962 2576 notam
986 2524 1140 2594 temporie,
1167 2539 1225 2594 quo

8 2613 80 2649 exem
103 2597 150 2650 lar
206 2613 224 2646 u

8 2613 119 2730 brutuli}
138 2666 228 2719 Gron.
265 2665 324 2731 „ln
342 2663 400 2720 MS.
420 2663 474 2720 lee.
499 2679 559 2717 non
583 2673 627 2720 eet
644 2665 691 2728 lit.
728 2664 807 2716 llino
824 2666 923 2718 torean
942 2663 1117 2740 ambiguitas
1141 2665 1242 2720 inve·.

9 2739 42 2788 rit
58 2737 204 2802 librarios,
229 2744 259 2790 et
277 2737 319 2788 ita
337 2745 435 2788 ortum
461 2734 543 2788 istud
566 2751 582 2788 e
606 2735 753 2790 abundans
779 2743 810 2790 et
835 2736 986 2802 vitiosum,
1011 2745 1046 2789 ut
1065 2734 1225 2789 habuerint

10 2809 135 2860 nonnulli
152 2809 254 2862 Erunt.
267 2814 295 2861 et
314 2813 420 2860 contro.
456 2807 498 2858 At
516 2810 560 2873 13,
578 2810 613 2864 87
631 2823 679 2878 pr.
700 2807 732 2861 in
750 2805 808 2861 MS.
827 2805 908 2860 Flor.
927 2817 957 2861 et
975 2803 1019 2864 ed.
1045 2824 1091 2878 pr.
1118 2806 1224 2861 literae

11 2897 154 2950 perperam
181 2878 327 2932 divisae.“
350 2879 410 2935 loo.
431 2877 517 2933 Gron.
544 2909 579 2924 -
606 2879 846 2934 commutationem
864 2877 921 2933 MS.
941 2877 1021 2934 Flor.
1041 2886 1076 2931 ut
1093 2877 1175 2934 llerl.
1196 2887 1227 2933 et

11 2949 82 3002 bodl.
102 2952 135 3003 in
157 2967 206 3003 ma
244 2986 252 3001 .
277 2947 339 3006 edd.
364 2949 442 3022 Spir.
468 2949 546 3020 lips.
575 2967 637 3021 eqq.
667 2950 880 3014 commotionem
903 2947 985 3004 MSS.
1013 2948 1112 3002 Gueli.
1140 2948 1224 3004 llarl.

12 3021 83 3074 bodl.
103 3021 159 3076 lee.
178 3021 213 3076 od
235 3062 240 3072 .
260 3021 325 3074 Pnt.
346 3025 372 3078 1.
390 3026 416 3077 ².
436 3019 502 3074 Ber.
520 3019 613 3074 Rben.
634 3026 658 3077 l.
678 3025 704 3077 2.
724 3027 751 3077 3.
770 3021 838 3078 illd.
866 3021 1049 3074 metationem
1071 3015 1129 3072 MS.
1150 3019 1222 3078 liud.

13 3111 21 3144 a
38 3110 76 3144 iu.
95 3111 156 3148 reo.
178 3119 208 3132 -
228 3090 367 3146 orbiculie
385 3093 541 3148 abduntur:
560 3095 592 3146 in
611 3090 691 3148 MSS.
707 3093 807 3147 Guelf.
826 3092 907 3148 Harl.
927 3092 982 3148 les.
1001 3089 1060 3144 neb.
1080 3091 1224 3146 obducun-

14 3170 59 3216 trr.
94 3163 191 3229 „Sane
209 3165 323 3218 obditos
340 3166 430 3218 iaiieee
449 3169 574 3217 contecto
592 3161 719 3216 orbiculo
743 3165 812 3218 eatis
827 3163 966 3218 indicant.
992 3163 1037 3218 Gi.
1058 3160 1138 3218 Suet
1157 3161 1222 3218 Tib.

15 3235 71 3288 'nli‘
105 3235 173 3292 Ern.
192 3267 226 3280 -
246 3235 312 3288 dum
331 3235 535 3290 Pboronnone'e
559 3235 622 3291 edd
648 3233 741 3288 ilben.
764 3237 791 3292 2.
811 3237 838 3290 8·
864 3252 927 3305 eqq.
955 3251 1019 3288 oum
1043 3233 1130 3289 Pbor.
1158 3234 1221 3292 edd.

15 3303 74 3357 Pub.
95 3311 116 3360 l.
134 3311 161 3364 2.
184 3306 250 3362 Ber.
275 3305 367 3362 Rben.
394 3313 418 3364 l.
446 3323 509 3360 enm
530 3306 715 3362 Foreemane'e
740 3307 784 3362 ed.
809 3303 889 3377 Spir.
919 3307 1007 3362 Quom
1027 3304 1223 3374 plear-nemenio

16 3376 83 3427 ίιιεα
100 3379 298 3449 ereqrirentnr
315 3413 350 3423 -
369 3379 435 3432 oeni
453 3386 547 3432 tomen
565 3409 597 3422 -
618 3378 668 3448 qui
685 3377 884 3432 iaere'ea'urondi
900 3377 958 3432 MS.
969 3377 1072 3442 Guelr„
1085 3409 1118 3420 -
1131 3378 1221 3432 inter·

17 3447 166 3506 ficemur:
183 3451 217 3505 in
231 3449 290 3506 MS.
306 3451 388 3506 Flor.
407 3459 483 3506 teste
500 3451 591 3505 Furia
608 3449 789 3516 interficeret,
808 3450 887 3524 quod
903 3448 1015 3523 recepit
1032 3447 1124 3505 neth

401 3605 425 3662 0
442 3604 468 3659 A
485 3605 551 3660 PU
567 3603 594 3659 'l'
646 3603 817 3662 xnvlll.

86 3711 127 3775 lt
151 3711 341 3778 Quadratus
364 3732 569 3800 cognoscens
590 3712 764 3796 proditum
776 3710 1003 3777 Mithridaten
1024 3719 1059 3776 et
1079 3730 1242 3800 regnum*

78 3797 346 3860 interfectoribus
374 3797 522 3860 obtineri
557 3806 658 3860 vocat
685 3795 874 3869 consilium,
904 3794 1004 3858 docet
1030 3801 1103 3857 eote
1124 3803 1222 3858 etan

70 3879 76 3891 '
125 3891 221 3944 retur
256 3879 434 3944 oonsultet.
485 3879 605 3943 Paucis
637 3878 737 3943 decue
762 3877 936 3961 publicum
963 3897 1076 3956 curae,
1109 3880 1220 3960 plures

104 3961 286 4029 disserunt:
322 3963 419 4026 Omne
443 3964 548 4026 sceler
575 3971 738 4026 externum
766 3981 833 4026 cwn
866 3962 994 4026 laetitia
1029 3961 1222 4024 babendum.-

79 4045 121 4106 'no
139 4051 232 4112 etiarn
253 4047 397 4112 odiorum
417 4047 578 4126 iacienda,
598 4055 637 4110 nt
649 4041 923 4127 eoepePrincipee
938 4043 1075 4110 Romani
1095 4046 1237 4132 eandem⁸

51 4131 178 4192 maian
197 4134 303 4210 epeoie
323 4130 512 4212 largitionis
534 4129 704 4194 turbandis
725 4129 932 4194 barbarorum
953 4131 1066 4192 animis
1082 4128 1226 4208 praebu-

315 2595 340 2646 ti
358 2593 441 2646 Flor.
459 2593 571 2646 iactum
592 2601 650 2648 eet:
670 2609 737 2646 nem
756 2610 827 2647 aevo
840 2592 963 2646 meliore
981 2608 1041 2646 non
1061 2595 1106 2646 eio
1120 2593 1227 2664 loque-
1316 2599 1319 2605 '

25 4207 104 4284 ‚fitt-
139 4210 309 4278 Potireter
328 4211 558 4278 Rbodorne'etuo
582 4213 799 4295 molenariis,
827 4213 899 4276 dnm
919 4214 1053 4292 invisor,
1079 4211 1227 4292 infamio,
1327 4274 1331 4288 ,

26 4292 307 4448 flpt‘pppdoriadepogpp
327 4317 369 4360 ex
387 4315 450 4362 aare
479 4317 582 4381 peon
599 4288 630 4363 ai
650 4317 717 4362 eon
740 4297 854 4381 glorio
880 4293 1140 4442 edeptnpoforet.
1183 4294 1229 4358 ln·
1330 4347 1341 4364 .

29 4609 45 4725 r
