2854 4788
1007 28 1013 66 l

204 242 270 312 aas
581 179 827 308 tunsarum
852 237 936 306 mo.
957 235 1034 306 arr.
1075 203 1079 226 ’

275 411 304 468 2.
331 402 445 464 reatu
466 404 616 478 Sedecim
643 405 687 464 ed
713 403 804 462 uekk
829 405 857 462 6.
886 405 1004 474 ubique,
1032 405 1102 474 quie
1122 405 1155 460 in
1171 401 1226 460 las,
1242 403 1317 462 Flor.
1333 411 1392 460 terto

206 479 298 536 Furia
316 481 464 536 scaevam
481 479 622 551 scriptum
649 495 711 550 cap·
730 481 776 537 63.
793 478 837 534 bl.
856 477 900 536 66.
919 479 962 535 66.
981 476 1167 534 lll.“1lecta=
1189 493 1253 530 narn
1276 493 1294 530 a
1313 492 1393 530 ecam

205 553 242 606 nt
267 553 426 616 Scaeuinus,
457 549 699 618 quemadmodum
722 569 740 606 a
766 548 839 604 iusto
860 547 1011 604 laesisset
1039 549 1145 604 Ritter.
1184 547 1307 604 seorim
1331 547 1391 603 ul

206 622 283 680 MSS.
306 623 387 680 Flor.
410 621 509 677 Guelf.
533 623 583 688 (ut
605 639 629 676 c.
649 624 694 680 5³.
717 623 762 678 64.
789 619 839 675 aed
860 619 952 674 araim
974 637 998 675 c.
1016 621 1074 688 66.)
1096 619 1159 676 edd.
1182 619 1243 674 Pnt.
1265 623 1289 674 1.
1305 622 1328 675 l.
1345 635 1391 690 sqq.

206 695 319 751 Sessias
343 703 373 750 et
395 693 482 768 paulo
504 701 573 764 post
594 693 703 758 Seent'o,
732 691 782 746 sed
805 709 830 746 ο.
848 693 892 749 63.
914 689 1040 760 Seeor'no,
1070 699 1095 746 c.
1118 694 1165 748 tl.
1186 689 1298 758 Sceuae,
1322 707 1344 744 ο.
1358 693 1391 746 66.

205 768 308 834 remeo,
327 785 352 824 ο.
371 769 415 822 ⁷4.
432 764 570 818 aeeomr'aa
588 774 619 820 et
635 781 662 818 c.
681 767 725 822 66.
743 763 879 816 scariotae
895 763 942 826 (ut
959 760 1014 817 MS.
1033 762 1133 819 Guell.
1156 779 1182 817 ο.
1200 763 1254 826 ld.)
1276 761 1316 816 ed
1331 761 1391 832 Spir.

207 871 241 882 -
261 839 423 896 Quotam
440 833 516 890 MSS.
536 837 616 891 Flor.
642 835 853 903 (conteraris)
875 833 957 887 Harl.
975 833 1055 888 Bodl.
1076 834 1131 889 les.
1150 834 1221 888 nau.
1239 832 1329 888 Guell.
1344 831 1392 888 ott

205 907 284 982 Spir.
302 911 364 964 Put.
390 913 415 964 1.
433 911 459 964 2.
484 907 550 962 Ber.
575 907 632 974 (ad
653 923 740 974 quam
765 905 850 960 siluit
869 907 964 971 vict.)
991 905 1082 960 liban.
1102 910 1127 961 1.
1151 906 1208 960 lac.
1226 907 1309 960 Grou
1329 905 1392 958 Brot.

205 979 297 1036 uekk.
316 984 342 1037 2.
361 978 477 1038 walen.
504 979 681 1035 Quintianus
699 977 762 1032 edd.
781 977 860 1048 Lips.
879 975 959 1032 Pieh.
978 977 1014 1031 ad
1031 977 1115 1030 illam
1132 977 1190 1032 leo.
1208 977 1308 1044 Gran:
1328 984 1357 1028 ut
1370 981 1393 1026 et

206 1051 301 1108 Oberl.
319 1053 393 1105 Liln.
411 1049 515 1105 Kiessl.
533 1057 567 1103 nt
585 1067 609 1104 c.
626 1053 670 1108 66.
690 1049 875 1107 Quartum
897 1047 960 1104 edd.
985 1047 1077 1104 liban.
1095 1050 1123 1104 2.
1141 1051 1169 1105 3.
1191 1048 1255 1102 Ala
1275 1055 1305 1100 ut
1326 1047 1392 1104 Νι·

206 1124 371 1192 ultoresque
393 1119 470 1176 MSS.
494 1121 564 1176 Bnd.
595 1121 693 1176 Guelf.
719 1119 782 1176 edd.
807 1117 885 1190 Spir.
909 1119 973 1174 rut.
999 1125 1023 1175 1.
1042 1123 1067 1174 2.
1097 1120 1164 1174 Ber.
1188 1119 1277 1176 anea
1300 1122 1321 1172 l.
1337 1121 1357 1174 2
1371 1122 1392 1173 d.

207 1194 271 1249 Ale.
291 1195 415 1266 cap-66.
434 1191 731 1261 obluctantemque
755 1191 812 1246 MS.
837 1191 918 1248 Flos.
941 1199 1009 1246 test.
1031 1190 1109 1246 Vict.
1129 1191 1271 1246 etruria
1302 1187 1392 1242 Similis

205 1267 332 1320 variam
352 1283 376 1320 ο.
394 1268 532 1320 'ld-'extu
552 1297 586 1308 -
622 1271 716 1318 eonlro
734 1264 832 1329 sonum
848 1263 902 1332 eui,
925 1263 1004 1333 quod
1025 1263 1059 1316 eb
1081 1265 1119 1317 iis
1143 1262 1203 1319 noir
1227 1267 1392 1332 exspectatum

207 1345 287 1404 θοοῖς
312 1335 378 1391 um.
398 1335 443 1389 cf.
462 1335 497 1388 ad
515 1340 544 1400 4,
562 1337 608 1402 2⁴,
625 1337 652 1391 2.
671 1367 705 1379 -
739 1333 862 1403 proinde,
890 1353 918 1389 r.
938 1333 1181 1402 auu,1t,1.-
1215 1331 1321 1386 mollitio
1344 1347 1391 1382 cor-

204 1409 284 1476 pore'a
311 1405 367 1463 MS.
391 1407 472 1462 Flor.
499 1408 575 1474 (teet
599 1405 680 1462 Piclr,
704 1413 735 1460 et
755 1406 847 1474 vict.)
870 1406 933 1461 edd.
960 1405 1038 1460 Plclu
1063 1421 1125 1472 sqq.
1161 1404 1271 1460 auritis
1291 1419 1313 1456 ο.
1332 1399 1391 1454 llil.

206 1477 293 1534 Fara.
313 1477 383 1556 lleg.
404 1477 488 1533 corb.
507 1479 551 1532 ed„
571 1477 649 1549 Spir.
686 1477 750 1542 „lta
766 1477 879 1532 Latinis
897 1477 974 1532 dicta
991 1471 1008 1543 ἢ
1025 1471 1125 1544 θήλεια
1142 1475 1253 1538 νόσος.“
1272 1474 1337 1542 upa.
1357 1472 1391 1525 Gt

205 1551 243 1604 ad
261 1554 304 1616 11,
322 1553 349 1614 2,
368 1555 393 1606 l.
430 1547 506 1603 molli
528 1565 639 1618 corpore
662 1547 739 1603 MSS.
763 1549 845 1604 Harl.
870 1549 953 1604 Bodl.
976 1549 1032 1604 lea.
1056 1547 1128 1604 uua.
1155 1547 1252 1604 Guell.
1273 1545 1328 1600 edd.
1344 1543 1390 1596 Fut.

205 1625 233 1676 1.
251 1624 278 1678 2.
295 1622 360 1676 Ber.
378 1620 469 1676 Rham
490 1624 516 1676 l.
534 1623 561 1676 2.
580 1623 607 1678 3.
626 1619 692 1676 aul.
711 1621 789 1690 lips.
810 1653 843 1666 -·
878 1621 1007 1687 probrare
1030 1619 1158 1686 omnine,
1180 1637 1210 1676 r.
1227 1617 1262 1676 ad
1278 1620 1316 1682 lu,
1331 1619 1352 1673 ³.
1367 1641 1390 1652 -

205 1693 377 1819 bllbmrim’
406 1695 444 1770 ci.
469 1691 589 1818 Ἠ.
618 1689 1210 1764 v.ueot1umahorn.unm.p.eau.
1243 1690 1335 1744 collau
1349 1687 1391 1742 uu

258 1805 264 1820 .
319 1781 362 1821 or.
383 1771 460 1820 tosto
544 1763 580 1819 ⁶.

692 1921 884 1981 CAPUT
922 1921 955 1978 Ι..

289 2027 379 2116 Ergo
406 2025 486 2094 dnm
514 2029 642 2094 scelera
666 2031 831 2114 Principis
853 2038 888 2093 et
906 2031 1006 2094 finem
1027 2027 1145 2094 adessa
1172 2027 1310 2112 imperio
1332 2021 1390 2084 deli-

207 2111 430 2196 gandumque,
462 2114 522 2194 qni
549 2114 645 2174 sessis
670 2113 770 2176 rebus
798 2119 1024 2192 succurreret,
1056 2114 1149 2174 inter
1179 2131 1217 2175 aa
1245 2117 1300 2172 aut
1324 2108 1391 2168 inter

206 2194 331 2256 amicos
358 2189 495 2267 ie'ciunt,
528 2213 755 2282 aggregavero
782 2193 933 2258 Tullium
964 2193 1195 2274 Senecionem,
1227 2189 1390 2256 Cervarium

205 2275 405 2356 Proculum,
437 2275 629 2338 Vulcatium
656 2277 853 2357 Araricum,
883 2277 1008 2340 Iulium
1034 2277 1263 2364 Augurinum,
1298 2270 1404 2354 Mona-¹

205 2359 293 2420 tium
320 2355 473 2438 Gratum,
504 2357 688 2425 Antonium
714 2358 882 2440 Natalem,
913 2359 1082 2424 Marcium
1110 2359 1261 2438 Festum,
1288 2353 1404 2437 Equites

129 2453 131 2460 ’
206 2439 386 2506 Romanos:
408 2461 450 2504 ex
470 2442 589 2525 quibus
610 2441 760 2516 Senecio,
775 2455 801 2506 'e
821 2444 1002 2528 praecipua
1022 2443 1253 2505 familiaritate
1265 2435 1391 2509 Neronia,

206 2524 351 2606 speciem
370 2526 537 2588 amicitiae
557 2527 658 2591 etiam
678 2533 751 2588 tum
772 2529 920 2590 retinens
942 2545 983 2590 eo
1003 2527 1160 2608 pluribus
1171 2523 1321 2609 periculis
1332 2537 1391 2580 con·

206 2607 409 2670 dilatabatur.
462 2607 593 2672 Natalis
619 2610 787 2692 particeps
814 2609 857 2672 ad
888 2629 985 2673 omne
1011 2617 1180 2672 secretum
1200 2606 1306 2671 Pisoni
1329 2605 1391 2663 aral·

208 2687 340 2752 Ceteris
361 2709 435 2772 spes
457 2709 498 2753 ex
519 2693 616 2755 novis
638 2693 738 2754 rebus
759 2693 945 2774 petebatur.
988 2691 1123 2756 Ascitae
1143 2698 1223 2754 suut
1241 2704 1331 2772 snper
1346 2681 1392 2742 Su·

205 2771 319 2834 brium
341 2781 376 2836 et
395 2773 593 2856 Sulpicium,
616 2773 796 2856 dequibus
817 2777 932 2854 retuli,
953 2777 1116 2837 militares
1138 2792 1265 2852 manua,
1293 2767 1392 2831 Gauius

207 2855 342 2918 Silanus
370 2865 404 2918 et
430 2855 555 2919 Statius
585 2856 761 2920 Proximus
789 2860 919 2922 tribuni
948 2857 1140 2920 cohortium
1167 2853 1392 2941 praetoriarum,

206 2937 376 3001 Maximus
397 2939 543 3003 Scaurus
564 2947 599 3002 et
615 2939 764 3004 Venetus
777 2941 898 3004 Paulus
912 2943 1139 3006 centuriones.
1182 2937 1247 3002 Sed
1260 2947 1402 3018 summum,

207 3021 315 3084 robur
342 3023 378 3082 in
399 3021 499 3086 Fenio
521 3023 606 3086 Rufo
633 3027 803 3106 praelecto
829 3023 1021 3104 videbatur,
1075 3042 1151 3086 uem
1179 3025 1249 3086 vita
1272 3023 1402 3095 lanaquu

206 3101 380 3166 laudatum
413 3125 475 3187 per
500 3107 677 3190 saevitiam
704 3105 1011 3189 impudicitiamque
1037 3045 1227 3194 uffigeuinus
1255 3106 1289 3165 iu
1307 3098 1392 3161 auimo

206 3187 320 3249 Princi
345 3190 372 3249 is
394 3189 541 3253 anteibat
561 3190 785 3278 fatigabatque
806 3190 1098 3252 criminationibus
1119 3209 1160 3252 ac
1181 3205 1275 3270 saepe
1293 3186 1326 3246 iu
1341 3197 1392 3241 mt-

207 3278 279 3332 tum
300 3207 494 3345 adduxerat,
527 3275 621 3356 quasi
651 3271 842 3336 adulterum
870 3272 1076 3354 dvrippinae
1106 3279 1142 3333 et
1163 3269 1321 3334 desiderio
1338 3264 1392 3324 eiua

198 3352 332 3425 ,ultioni
365 3355 544 3418 intentum.
596 3355 706 3440 Igitur
740 3355 799 3418 ubi
831 3357 1017 3418 conruratis
1055 3357 1260 3438 praelectum
1292 3361 1401 3433 quoqutl

206 3439 372 3519 praetorii
392 3439 427 3500 in
450 3447 562 3522 partes
583 3437 803 3518 descendisse,
835 3439 954 3501 crebro
982 3439 1086 3521 ipsius
1108 3437 1310 3501 sermonibus
1328 3433 1392 3492 facil

206 3517 300 3598 fides,
331 3523 520 3603 promptius
546 3521 613 3582 iam
641 3519 682 3583 de
703 3529 854 3604 tempore
877 3540 917 3583 ac
936 3521 1009 3584 loco
1030 3519 1141 3584 caedis
1162 3519 1329 3608 agitabant
1361 3507 1393 3568 Ei

207 3604 333 3684 cepisse
353 3605 514 3686 impetum
536 3602 679 3665 Subrius
700 3604 833 3668 Flavius
861 3605 1036 3666 ferebatur
1063 3606 1101 3665 in
1128 3623 1226 3668 scena
1252 3603 1400 3680 canutam

206 3683 380 3748 Neronem
401 3683 630 3772 aggrediendi,
652 3695 711 3748 aut
732 3697 834 3770 quum
848 3685 987 3749 ardente
1002 3685 1101 3750 domo
1122 3706 1188 3768 per
1208 3692 1327 3748 noctem
1343 3677 1400 3769 hoel

207 3767 288 3830 illuc
315 3775 466 3830 cursaret
494 3767 727 3834 incustoditus.
777 3769 843 3830 Hic
873 3771 1006 3833 occasio
1036 3769 1241 3847 solitudinis,
1270 3766 1313 3829 ibi
1338 3761 1394 3839 ipat

206 3852 404 3934 frequentia,
425 3853 513 3913 tanti
535 3851 665 3914 decoris
686 3853 796 3931 testis,
817 3853 1081 3936 pulcherrimum
1099 3855 1245 3915 animum
1265 3845 1399 3930 eustinm·1

206 3933 376 4014 laverant,
413 3935 479 3996 nisi
515 3935 725 4018 impunitatis
755 3933 878 4018 cupido
912 3937 1109 4000 retinuisset
1138 3935 1263 4023 magnis
1289 3931 1399 4006 semper*

207 4017 379 4080 conatibus
405 4015 557 4080 adverse.

178 4117 180 4121 ·
277 4103 303 4156 1.
327 4101 410 4166 ιῖιιοηι
429 4099 527 4154 odem
552 4098 670 4170 imperio
696 4097 774 4154 MSS.
796 4097 869 4178 Reg.
894 4097 979 4156 uorb.
1004 4098 1076 4178 Agr.
1106 4100 1170 4162 add,
1188 4099 1263 4173 Spir.
1280 4087 1390 4150 aaut

205 4169 318 4297 werp}
332 4169 409 4226 MSS.
427 4171 499 4226 unu
520 4169 619 4230 Guali.
642 4179 673 4228 et
692 4173 760 4257 pdd.
785 4173 839 4228 rel·
865 4172 993 4257 impet-iu·
1010 4173 1184 4256 deligendum
1209 4183 1304 4253 qaoque
1325 4157 1398 4244 {W

255 4287 261 4298 .
318 4259 361 4298 or.
379 4249 454 4298 taeta
471 4241 571 4298 Purra·
596 4259 714 4312 empne
733 4243 925 4311 detegendam
944 4245 1162 4316 querquetum
1180 4242 1222 4299 ed.
1240 4239 1311 4312 Spar·
1325 4243 1392 4298 ‘'ll‘'

207 4314 247 4370 rr'a'
268 4315 441 4386 deligendam
466 4313 581 4388 quiaque
603 4315 691 4383 tersia
715 4311 773 4374 urs.
795 4313 897 4372 Guell.
921 4315 1154 4388 deligendumque
1178 4311 1237 4372 edd
1260 4313 1314 4366 l’ut.
1335 4301 1390 4360 ll·
