2872 4786
335 287 338 296 .
444 229 507 298 sn
527 197 697 302 mnan.
716 227 803 298 nm.
823 229 902 308 111¹
1216 229 1283 310 sss

45 403 126 458 haris
138 399 236 456 varias
246 403 434 524 aeospfflsmnt,
447 397 582 484 nosipsi
598 395 666 452 aliis
680 395 857 452 intulerunt.
886 393 934 450 'i'u
947 393 1011 468 ipae
1028 393 1131 452 haeres
1144 403 1174 450 et
1190 394 1282 450 ambi-

46 493 106 552 gue
120 471 302 528 obsidionem
374 469 440 524 ead
452 468 548 524 Tamti
560 469 749 540 imperatoris
762 477 897 540 tempora
912 470 1019 532 refers,
1037 468 1090 522 suh
1107 482 1164 538 quo
1174 468 1284 524 Franci

48 547 184 616 aliaeque
210 545 425 600 Germanorum
507 547 552 596 tes
575 541 727 594 Bataviam
754 548 787 594 et
801 539 930 596 Galliam
955 540 1112 594 vastarint.
1149 536 1207 596 Sed
1230 539 1282 606 qui

48 617 148 682 doces,
179 615 259 688 ipsos
282 613 405 668 Batavos
428 623 524 667 asena
545 619 618 666 tuno
638 613 789 666 vastasse?
825 610 860 666 id
881 611 961 666 enim
988 627 1141 666 necessum
1165 617 1222 676 cst,
1256 605 1282 666 ei
1397 651 1401 658 .

48 687 142 760 proha
160 687 250 742 verha
267 685 424 740 Batanicue
441 682 616 738 rebellionis.
653 684 745 737 Vocat
762 683 852 738 etiam
877 675 1070 749 latrocinium
1095 681 1172 752 quod
1195 700 1212 736 a
1234 699 1282 737 me

47 767 106 822 est,
138 759 208 828 quia
234 758 338 810 Victor
360 755 471 826 aliique
495 753 641 832 Bagnudas
665 752 720 807 hos
744 755 894 825 appeliant
923 760 1053 822 agrestes
1079 767 1114 806 ac
1145 754 1281 810 turones.

45 829 265 914 Argumentum
277 827 425 883 ultimum.
446 825 549 891 Verba,
568 824 677 896 inquis,
696 824 834 880 Eumenii
849 842 875 882 c.
890 827 934 883 10.
954 825 995 879 ita
1008 823 1087 880 clare
1100 831 1130 878 et
1141 823 1283 900 graphice

48 901 186 986 clivium
203 909 232 955 et
249 899 395 984 finitimae
413 897 544 974 regionis
562 898 653 982 situm
671 896 850 964 describunt,
872 905 915 980 ut¹
929 895 1010 982 trahi
1033 895 1175 949 aliorsum
1199 895 1283 978 uuila

46 979 234 1098 {rimichi
265 969 587 1109 risiiiiemiiuespicaliginatm
600 985 684 1109 qipa
692 967 1047 1108 pisinaurlfiiaoliie'g'erseiiff
1056 982 1284 1109 Otroiunirwe

45 1113 278 1186 profundissimo
293 1127 448 1181 poenarum
466 1111 520 1177 (ita
539 1110 745 1182 cuspinianus,
773 1127 860 1181 quem
883 1126 1004 1182 aequor3
1038 1125 1107 1164 nam
1126 1109 1284 1164 Possm

48 1186 215 1251 Rhenanus,
227 1192 257 1239 et
269 1193 302 1238 tu
311 1183 457 1237 Pictonum
466 1181 556 1259 legis)
565 1181 685 1250 gurgite
693 1179 816 1241 literato
828 1183 867 1236 od
877 1181 1201 1250 conspectemiiomunae
1209 1179 1284 1234 lucis
1303 1206 1308 1212 ·

49 1257 174 1311 nnnsit.
213 1257 274 1310 Aac
290 1254 359 1309 inec
376 1254 451 1322 ipso,
470 1270 540 1324 quae
558 1254 639 1307 modo
659 1252 764 1307 desinit
782 1269 845 1307 rese
863 1253 1020 1318 Bos-dorio,
1047 1269 1103 1307 non
1126 1238 1223 1322 napi
1239 1254 1283 1319 fe-

49 1331 142 1384 ritare
159 1329 332 1382 francorum
350 1326 424 1380 velut
448 1321 549 1379 deusto
573 1325 720 1378 desederat
743 1340 827 1394 quom
850 1323 879 1378 ri
897 1341 959 1380 eam
977 1323 1283 1392 circumferentiarum

50 1407 78 1455 et
97 1415 178 1453 mure
196 1400 305 1453 alluens
323 1396 491 1466 operuisset.
527 1396 584 1462 En,
612 1395 745 1450 velutin
764 1395 871 1462 tabula,
899 1404 932 1450 ut
952 1397 1004 1456 sia,
1029 1397 1175 1467 depictam
1194 1412 1282 1466 expo-

50 1475 99 1526 nit
116 1470 264 1525 Bataviam
284 1486 352 1524 cum
369 1469 468 1523 vicina
487 1468 662 1536 Germanias
688 1483 760 1536 quos
779 1469 867 1522 ramis
886 1468 946 1522 suis
963 1465 1283 1522 Rhenuscircumiun·
1335 1460 1341 1474 ’

51 1543 98 1596 dit
116 1550 146 1596 et
163 1545 240 1596 Mosa
267 1541 354 1595 alluit
380 1547 410 1594 et
437 1538 543 1594 Oceani
566 1539 648 1593 sinus
672 1538 780 1609 ubique
807 1547 940 1616 tangunt.
986 1536 1042 1593 Uos·
1065 1535 1156 1594 auten
1173 1537 1283 1594 Aeduis

49 1631 131 1668 mare
159 1613 290 1668 alluens?
321 1611 370 1665 udi
394 1611 567 1678 circumfusa
590 1609 727 1674 dominu?
765 1609 831 1674 Pax,
860 1610 902 1664 mi
925 1608 1025 1687 Pighi!
1061 1611 1173 1666 obiecto
1199 1609 1283 1665 lanae

51 1701 137 1740 sacco
155 1685 256 1738 arietis
273 1683 361 1737 huius
380 1683 474 1736 ictum
492 1682 596 1736 mollio
615 1689 645 1736 et
663 1681 728 1735 exci
750 1682 787 1735 io.
813 1679 929 1736 Aeduos
949 1697 1007 1736 non
1025 1680 1153 1738 describi
1169 1682 1282 1748 iate0r3

51 1757 170 1812 affirmo
186 1764 279 1810 totam
298 1753 437 1818 Galliam,
457 1755 489 1806 in
547 1772 564 1806 a
581 1753 686 1807 Aedui.
739 1755 821 1806 renci
840 1770 913 1824 quae
931 1753 996 1808 loca
1015 1753 1107 1828 magis
1119 1760 1283 1818 vastarunt,

52 1833 146 1884 immo
163 1836 306 1898 ceperunt
324 1825 380 1879 sihi
398 1834 428 1880 et
445 1825 508 1879 inse
530 1833 618 1880 erunt
641 1841 727 1895 qnam
747 1823 895 1878 Galliam?
927 1823 1028 1893 ltaque
1046 1841 1137 1896 quum
1154 1823 1283 1880 Francos

52 1901 195 1962 nominet,
220 1897 313 1964 vides,
346 1913 433 1967 quam
457 1897 588 1967 apposite
614 1903 643 1950 et
668 1897 800 1948 omnium
824 1894 1017 1950 historiarum
1042 1897 1103 1949 eius
1129 1896 1195 1950 aevi
1213 1912 1283 1950 con-

52 1989 140 2026 sensu
159 1969 193 2024 sd
212 1967 340 2022 Galliam
359 1967 391 2022 id
409 1966 567 2024 trahemus.
607 1965 663 2021 Sed
680 1966 731 2019 ubi
749 1983 840 2032 mare,
859 1967 969 2036 inquis,
989 1974 1019 2020 et
1036 1967 1177 2020 humina?
1212 1983 1283 2022 con-

52 2064 66 2098 s
91 2043 156 2095 icus
174 2049 204 2094 et
222 2041 254 2094 in
272 2046 383 2110 aperto.
421 2037 497 2106 Quid
524 2037 603 2092 enirn
628 2036 747 2104 clarius,
773 2055 858 2110 mam
878 2031 1005 2091 emtam
1033 2039 1110 2091 mari
1133 2038 1225 2092 utrim

51 2062 152 2169 silui?
172 2110 243 2183 quid
261 2111 380 2174 certius,
399 2127 485 2181 quam
504 2107 606 2164 Rheno
625 2117 655 2164 et
672 2107 811 2163 Rhodano
830 2107 1026 2162 circumfundi
1046 2117 1076 2162 et
1094 2109 1197 2165 inuitis
1215 2055 1283 2164 aiiii

50 2183 225 2240 fluminibus
239 2181 405 2307 perfundi?
443 2181 555 2268 itaque,
580 2181 622 2234 mi
639 2181 751 2251 optime
770 2189 800 2266 et
823 2178 991 2266 doctissime
1010 2179 1107 2256 Pighi,
1140 2179 1225 2266 (talis
1250 2199 1284 2267 re
1363 2263 1366 2272 .

259 2272 286 2321 e,
305 2270 353 2316 ne,
384 2251 454 2308 dum
471 2270 596 2307 mmmm
622 2267 677 2324 pro
701 2251 800 2376 qlorsa
818 2251 1013 2307 clanensium
1033 2259 1152 2306 tuorum
1169 2252 1283 2306 Prinos·

52 2274 126 2312 vera
144 2255 189 2322 es)
207 2255 238 2308 vi

52 2346 127 2402 pum
145 2327 207 2393 (cui
226 2334 256 2380 et
273 2340 326 2378 nos
346 2341 382 2379 ex
400 2325 499 2379 animo
516 2326 658 2391 favemus,
678 2342 707 2378 se
744 2323 828 2378 vanis
846 2341 946 2378 rerum
970 2341 1033 2380 enm
1051 2340 1111 2378 non
1128 2330 1283 2401 augemus)

51 2417 179 2476 pugnas,
197 2397 354 2452 veritatem
373 2394 497 2450 deseras.
535 2395 625 2462 Quam
643 2411 696 2449 nos
714 2395 855 2450 fulcimus
872 2394 920 2449 his
939 2397 1028 2451 etiam
1045 2397 1237 2481 argumentis.

126 2469 257 2522 Primum
277 2481 404 2536 quaero,¹
416 2467 466 2520 ubi
484 2474 534 2520 aut
552 2485 568 2520 a
587 2481 644 2536 quo
663 2467 808 2535 scriptore
825 2467 928 2520 idoneo
947 2476 977 2520 et
994 2475 1090 2521 vetera
1102 2469 1284 2534 nominatum

54 2539 136 2596 istud
155 2537 299 2594 Cliniam?
330 2537 429 2592 Miers
455 2535 583 2590 nullmn·
619 2537 693 2590 Nam
722 2536 799 2605 quod
817 2535 981 2590 Antoninus
1000 2535 1121 2590 Glevum
1140 2541 1283 2604 nominat,

54 2615 88 2668 in
107 2610 258 2666 Britannia
277 2607 394 2664 scilicet
412 2608 443 2665 id
460 2608 555 2680 ponit,
582 2607 614 2661 in
635 2603 693 2659 hoc
710 2605 806 2659 limite
823 2624 975 2676 nusquam.
1014 2605 1204 2664 Coniectum
1228 2609 1284 2664 ali·
1301 2627 1315 2652 v

55 2693 128 2756 quot
145 2689 291 2746 recenses,
311 2687 340 2734 et
358 2679 457 2736 nescio
476 2678 547 2750 quid
565 2695 602 2732 ex
618 2675 704 2762 vulgi
722 2679 801 2731 fama
818 2678 854 2732 de
871 2675 951 2731 lulio
970 2675 1109 2734 Caesare:
1135 2679 1184 2734 sed
1201 2681 1284 2738 obse-

55 2773 119 2823 cro,
138 2757 164 2809 si
182 2760 241 2807 tam
259 2758 407 2806 vetustum
425 2748 483 2804 hoc
501 2747 641 2820 oppidum
660 2766 722 2802 esve
741 2756 880 2814 castrum,
908 2764 1006 2804 nonne
1024 2750 1145 2814 mirum,
1163 2751 1283 2808 silentio

55 2829 87 2882 id
106 2825 140 2882 ab
165 2823 299 2880 omnibns
323 2823 446 2892 superis,
477 2821 593 2889 mediis,
626 2820 694 2874 imis
719 2820 921 2890 scriptoribus,
950 2821 1033 2892 quasi
1058 2818 1093 2875 de
1120 2831 1281 2892 compacto,

53 2897 272 2972 praeteritum?
308 2892 349 2946 Et
366 2895 487 2960 ferrem,
508 2893 534 2946 si
552 2893 584 2946 in
603 2891 659 2946 vili
677 2891 756 2946 loco:
782 2891 833 2946 aed
850 2891 952 2946 urbem
972 2891 1130 2946 Maenianis
1148 2893 1215 2949 istis
1233 2911 1283 2950 co-

55 2970 179 3033 lebrem,
198 2965 341 3020 coloniam
358 2961 462 3035 populi
485 2962 566 3018 Rom.
591 2963 678 3030 (nam
702 2960 759 3017 hoc
778 2977 892 3035 quoque
915 2961 1076 3018 Eumenius
1094 2963 1197 3031 tradit)
1215 2983 1283 3022 ver-

53 3041 125 3096 bulo
145 3057 198 3092 nus
221 3054 286 3090 uam
305 3036 461 3102 nominari,
480 3053 553 3106 quse
572 3035 686 3089 incuria
704 3034 752 3088 vel
771 3033 869 3105 potius
888 3033 998 3088 iniuria
1015 3037 1080 3090 est?

127 3056 250 3165 Deinde.
288 3105 420 3160 Clivium
448 3115 531 3160 tuum
554 3106 586 3160 in
608 3103 703 3159 Rheni
728 3105 825 3159 limite
848 3107 937 3160 situm
957 3114 1010 3170 est,
1040 3107 1073 3161 in
1091 3105 1218 3163 confinis
1237 3117 1283 3166 tot

54 3181 256 3286 harbarorum3
293 3178 363 3245 Quis
381 3179 443 3232 scri
461 3187 580 3248 pectore
599 3176 653 3232 tibi
671 3177 760 3244 dabit,
781 3175 911 3231 scholam
929 3177 1095 3234 institutam
1113 3179 1147 3234 in
1164 3181 1284 3238 officina

54 3255 111 3309 ius
134 3250 252 3306 Martis.

126 3323 238 3378 Tertio.
274 3321 377 3397 Magna
396 3326 425 3374 et
442 3319 540 3392 ampla
557 3337 590 3375 ea
608 3319 676 3374 urbs
694 3320 764 3386 suit,
788 3318 824 3374 de
842 3337 899 3390 qua
916 3310 1078 3375 Eumenius
1096 3325 1176 3399 agits
1209 3333 1283 3382 tem.

53 3397 105 3469 pla
122 3392 323 3467 pulcherrima
340 3391 452 3458 habuit,
477 3391 649 3460 capitolium
674 3399 705 3444 et
728 3391 922 3462 aquaeductus
948 3399 979 3446 et
1003 3393 1102 3446 omnia
1125 3411 1208 3452 more
1225 3397 1283 3452 Ro·

53 3483 152 3522 mano.
173 3485 201 3522 v.
221 3481 253 3518 ce
276 3467 330 3522 ,9.
368 3462 457 3528 Cedo,
477 3463 526 3515 uhi
544 3463 620 3534 apud
638 3479 690 3516 vos
708 3461 779 3516 haec
797 3463 944 3548 vestigia?
973 3462 1146 3534 Suspicione
1168 3466 1229 3523 levi
1249 3488 1282 3524 ea

55 3539 191 3610 quaes-iu
221 3554 234 3588 s
288 3553 321 3589 re
339 3543 369 3588 et
387 3535 513 3588 veritate
536 3551 569 3588 re
592 3533 668 3589 eries
686 3533 900 3610 Augustoduns.
935 3535 1010 3588 Eius
1034 3552 1129 3590 muros
1159 3540 1283 3607 spatiosi

54 3609 182 3664 ambitus
199 3607 370 3660 Ammianus
389 3610 433 3671 16,
451 3608 477 3662 2
496 3553 641 3675 appeiism
670 3605 807 3660 moenium
829 3604 1030 3674 Augustodmi
1055 3608 1282 3676 magnitudinem

54 3687 196 3736 cerussam
215 3679 259 3742 15,
279 3682 321 3734 11.
342 3677 467 3732 etclara
485 3677 594 3730 indicia
611 3677 699 3731 etiam
721 3695 800 3732 nunc
819 3685 944 3744 exstant,
972 3677 1070 3734 indice
1089 3687 1120 3734 et
1136 3688 1210 3737 teste
1228 3680 1281 3740 Pe·

55 3763 104 3808 tro
124 3749 321 3815 San-Iuliano,
348 3749 400 3819 qui
418 3747 618 3823 Burgundioni
636 3747 750 3802 Gallice
775 3749 930 3820 descripsit
948 3766 1052 3820 nuper.

131 3823 247 3889 Quarto.
285 3819 394 3876 Scribit
420 3820 591 3881 Eumenius,
622 3819 765 3873 civitatem
789 3819 874 3874 istam
898 3828 925 3875 et
943 3821 1012 3875 olim
1035 3823 1162 3888 fralmo
1182 3827 1281 3894 popvli

55 3894 180 3950 nonani
198 3891 309 3946 nomine
326 3892 492 3959 gloriatum.
528 3889 633 3944 Nonne
651 3891 839 3944 verissimum
860 3900 891 3946 et
913 3891 1134 3948 testatissimum
1153 3895 1230 3950 iliud
1247 3900 1279 3952 in

55 3967 185 4022 Aeduis?
204 3963 248 4020 De
266 3963 364 4017 clivio
392 3961 442 4016 ubi
466 3961 524 4016 tale
543 3962 675 4032 reperis?
717 3962 888 4037 Perfugium
906 3964 1021 4035 quaeris
1040 3965 1072 4017 in
1091 3967 1215 4032 Batavis,
1248 3980 1279 4026 et

56 4039 106 4094 ilii
133 4038 231 4102 etiam,
259 4037 368 4106 inquis,
399 4032 540 4104 appellati
563 4035 671 4086 iratres
697 4041 726 4088 et
748 4033 836 4086 amici
860 4035 964 4106 populi
990 4033 1126 4094 Romani.
1162 4036 1230 4094 Scio
1249 4053 1280 4099 st

57 4107 286 4166 Commentariis
304 4107 378 4160 meis
397 4103 585 4174 iampridem
605 4105 732 4158 inserui:
751 4104 801 4158 sed
817 4099 875 4159 hoc
894 4122 1009 4178 quoque
1029 4107 1101 4174 scio,
1124 4111 1202 4180 quod
1219 4130 1279 4169 non

57 4183 170 4257 vulg03
191 4187 220 4232 et
238 4179 262 4232 si
280 4177 391 4244 Batavi,
417 4191 475 4229 non
501 4183 598 4229 tamen
623 4175 688 4230 ideo
714 4175 808 4230 vicini
827 4174 916 4234 Galli.
953 4177 1019 4232 Atia
1049 4177 1170 4236 illorum
1195 4199 1280 4242 causa

58 4263 112 4318 est,
133 4251 185 4322 qui
203 4250 381 4304 tributorum
401 4247 557 4310 immunes,
581 4247 751 4310 semiliber-i,
777 4264 857 4300 erma
874 4256 989 4303 tantum
1008 4257 1037 4304 et
1055 4252 1134 4308 viros
1153 4255 1281 4328 imperio

57 4319 289 4402 suppeditabant.
326 4321 427 4392 ltaque
445 4319 511 4376 iure
524 4318 622 4374 'socios
640 4335 671 4374 ae
689 4317 839 4383 dixerunt,
857 4321 977 4388 iratres,
993 4319 1110 4377 amicos·
1143 4325 1180 4382 ln
1195 4331 1278 4388 vohis

84 4425 155 4494 opp.
178 4423 245 4477 rac.
267 4423 298 4480 r.
317 4420 357 4481 ιι.
1029 4413 1073 4480 35
