2872 4786
399 209 407 320 l
438 271 500 336 sn
528 271 698 339 nuum.
730 273 817 341 mu.
840 271 934 342 x1v.
1235 275 1298 344 soi

74 441 194 512 quinta,
211 445 329 511 praeter
346 441 470 507 morem,
490 443 520 494 et
537 440 573 495 sd
591 441 690 513 epulis
708 441 810 497 venire
830 447 910 497 sextu
929 442 1099 513 septimane.
1136 441 1297 498 Saturnali-

73 513 129 566 bus
148 513 220 566 item
238 514 291 566 vul
314 514 484 566 oconvivis
502 511 691 567 ordiebantur
713 532 729 568 e
756 515 849 566 mults
871 513 946 571 luae.
984 511 1183 568 Tertullianus
1211 515 1294 585 Apol.

75 602 101 637 c.
121 587 166 640 tt.
202 583 266 637 Non
289 531 371 638 livor
396 583 521 646 diluculo
547 585 757 650 Saturnalibus,
784 602 819 639 ne
841 593 869 640 et
894 585 966 639 dieta
987 592 1015 642 et
1034 591 1141 639 noctem
1163 587 1298 654 perdam.-

75 662 203 708 attamen
221 655 302 708 lavor
319 653 436 710 bonesta
453 655 525 710 bora
544 663 571 710 et
589 656 708 710 salubri.
743 659 818 711 Nam
836 657 929 711 leutio
955 671 1068 730 semper
1098 665 1166 711 ante
1186 658 1295 712 cibum.

74 727 154 780 Item
172 729 295 797 nuptiis,
314 727 455 798 Apuleius
473 727 551 798 apol.
571 733 596 784 1.
633 729 795 795 Nuptiaene
817 729 886 782 illae
904 730 1027 795 fuerunt,
1056 743 1094 782 an
1121 727 1203 781 aliud
1225 730 1298 782 cele·

73 799 188 850 braium
206 799 330 864 officium
348 815 383 851 ac
400 799 555 852 convivium
573 801 785 870 tempestivum?
820 801 864 854 Es
888 808 956 853 sunt
979 801 1122 872 convivis,
1148 817 1219 868 quse
1245 800 1298 854 Ga·

74 869 143 922 toni
156 869 268 940 placita
286 871 362 941 apud
382 869 554 924 Ciceronem
573 871 686 934 desen.
708 874 751 929 11.
788 871 933 938 ligavero
948 878 1065 942 propter
1092 871 1232 924 stratonis
1250 872 1299 924 de-

75 941 258 994 lectationem
276 941 449 1010 tempestivis
467 941 604 995 conviviis
622 943 752 996 delector.
788 943 863 996 ltem
888 942 1018 1008 Claudio,
1044 941 1080 996 de
1102 957 1159 1014 quo
1178 941 1299 995 Tacitum

74 1012 152 1065 Ann.
174 1017 215 1077 11,
234 1013 278 1069 37.
315 1012 455 1066 claudius
480 1015 590 1067 domum
612 1028 763 1081 regressus
787 1019 815 1065 et
840 1015 1012 1083 tempestivis
1035 1014 1126 1082 epulis
1150 1012 1297 1070 delinitus.

75 1084 155 1150 Quae
173 1083 275 1154 epulae
294 1085 319 1137 si
336 1085 429 1138 media
447 1093 534 1138 nocte
551 1085 688 1148 fuissent,
707 1099 765 1138 uon
784 1085 883 1154 potuit
902 1087 981 1139 inter
999 1103 1046 1139 ees
1065 1083 1217 1139 Messalina
1236 1101 1299 1138 esse

75 1154 236 1209 interiecta
255 1155 318 1209 sine
337 1154 455 1224 querele
472 1164 523 1210 aut
539 1155 629 1209 verbo
648 1154 867 1210 historicorum.
903 1156 1083 1210 Alexsndro:
1104 1155 1299 1225 (1111110111-

74 1227 136 1279 tius
155 1229 183 1293 8,
202 1230 229 1281 1.
265 1227 381 1296 lamque
399 1225 457 1279 iter
472 1243 579 1297 parare
597 1226 628 1280 in
644 1235 817 1296 postremum
834 1227 930 1281 iussus
948 1227 1071 1281 sollenni
1088 1235 1116 1280 et
1135 1227 1298 1294 tempestivo

74 1295 227 1350 adbibetur
245 1298 378 1351 eonvimo.
414 1296 524 1353 Tamen
542 1295 614 1352 liaeo
632 1300 769 1352 convivia
787 1299 852 1352 iure
870 1300 902 1352 in
921 1300 1004 1353 sitio.
1044 1297 1298 1352 0111111111ῐί-

75 1387 146 1422 cum
165 1371 193 1434 9,
213 1372 239 1423 1.
273 1369 378 1435 Audio,
412 1370 493 1423 bonis
517 1369 591 1423 viris
622 1369 694 1422 banc
717 1370 920 1423 cunctationem
943 1378 1147 1424 nostram-nan
1169 1368 1297 1438 probari,

74 1441 217 1510 nauitaque
234 1445 260 1492 et
277 1456 372 1494 severe
391 1439 421 1494 in
440 1457 484 1494 me
500 1441 532 1494 in
550 1441 688 1496 conviviis
706 1443 815 1512 quidem
832 1443 1008 1512 taupestiuis
1027 1442 1179 1510 disputari.
1199 1441 1240 1494 lb.
1253 1443 1297 1495 13.

76 1513 155 1568 Quas
182 1528 231 1564 eos
248 1527 348 1565 caenas
373 1513 470 1578 facere
495 1519 522 1566 et
549 1513 628 1568 obire
652 1513 768 1581 scripsit
792 1513 831 1566 ad
852 1529 896 1566 me
912 1512 1050 1567 Sextius?
1086 1529 1168 1582 quam
1193 1511 1297 1579 lautas,

75 1598 156 1653 quart
174 1585 375 1650 tmpesttvvst
411 1582 493 1638 Idem
510 1585 543 1637 in
560 1587 644 1638 Verr·
664 1587 691 1650 3,
710 1587 755 1640 25.
775 1585 811 1638 tle
829 1585 953 1654 Apronii
971 1600 1058 1638 coena
1077 1584 1109 1635 in
1127 1586 1209 1638 foro:
1233 1583 1299 1636 sto-

75 1657 169 1708 taitur
186 1651 298 1707 Lollius
316 1655 348 1708 in
367 1655 417 1708 illo
435 1655 598 1725 tempestivo
616 1656 810 1724 gladiatorum
829 1657 966 1710 convivio.
1003 1656 1043 1708 Et
1068 1653 1103 1708 de
1122 1657 1299 1726 ipsoVerre
1364 1719 1367 1724 Ι

73 1729 102 1792 5,
127 1728 168 1780 to.
188 1727 240 1790 uit,
260 1743 326 1780 euin
354 1727 429 1780 diem
445 1727 591 1792 conviviis,
617 1735 723 1780 noctem
746 1729 857 1796 stupris
880 1727 1059 1782 contrivisse.
1086 1724 1300 1792 Quinctilianus

73 1795 205 1852 Decium.
225 1799 286 1853 331.
323 1797 416 1869 Neque
434 1800 506 1852 enim
523 1804 687 1852 senectutem
706 1799 790 1864 affert
809 1813 933 1851 summus
952 1800 1021 1864 dies,
1042 1798 1093 1850 sed
1111 1798 1213 1864 longus
1229 1798 1299 1850 ordo

74 1870 168 1922 vitae:
187 1885 236 1922 nec
254 1867 416 1923 ebrietatem
433 1872 504 1937 facit
521 1871 574 1923 illa
589 1871 680 1939 potio,
696 1877 762 1938 post
781 1885 864 1939 quom
881 1871 1079 1923 concidendum
1095 1877 1152 1929 est;
1171 1869 1221 1922 sed
1232 1875 1300 1921 tem·

73 1939 215 2008 pectinum
234 1941 387 1994 concivium
406 1947 433 1994 et
452 1941 578 1995 aviditas
597 1942 695 1994 nimia.
734 1940 1059 2005 811111111111,18.
1096 1940 1203 1992 Aliena
1226 1940 1300 1992 vitia

74 2012 106 2066 in
136 2011 229 2064 aculis
252 2008 392 2078 babemus,
416 2029 435 2064 a
454 2019 541 2079 tergo
563 2020 662 2067 nostra
688 2017 763 2065 sunt.
801 2013 868 2064 Inde
892 2019 944 2079 est,
971 2013 1043 2080 quod
1062 2013 1223 2080 tempestiva
1241 2011 1299 2078 filii

73 2081 206 2137 convivia
221 2089 307 2150 pater
326 2084 452 2137 deterior
469 2085 530 2150 filio
549 2085 680 2152 castigat.
717 2083 798 2137 Addo
816 2083 911 2136 Taciti
938 2085 1035 2136 locum
1060 2083 1143 2146 112,
1163 2085 1206 2138 68.
1232 2083 1299 2136 Dis-

73 2155 210 2208 cubuerat
233 2154 365 2208 Vitellius
387 2155 489 2222 Ticini,
509 2155 636 2210 adbibita
655 2156 693 2209 ad
710 2157 807 2224 epulae
828 2155 972 2224 Verginio.
1001 2153 1106 2222 Legati
1127 2154 1299 2224 Trs'bunipue

72 2243 109 2280 ex
127 2225 253 2285 mortibus
271 2226 474 2295 Imperatorum
492 2231 671 2283 severitatem
690 2227 879 2292 aemulantur,
903 2227 947 2280 vel
969 2225 1139 2295 tessipestivis
1163 2227 1300 2279 conviviis

70 2297 209 2367 gaudent.
248 2297 302 2364 Qui
326 2297 375 2351 vol
399 2298 478 2352 solus
502 2300 585 2355 locus
612 2301 772 2354 sententiae
797 2315 878 2352 meae
900 2299 1067 2352 firmandae.
1107 2297 1184 2352 Cedo
1208 2300 1298 2362 enirn,
1335 2341 1337 2348 .

72 2370 98 2424 si
119 2368 233 2421 nonde
252 2367 298 2423 die
318 2370 392 2422 illud
411 2368 541 2438 epulum,
562 2372 706 2442 quomodo
726 2371 876 2446 subiungit
895 2371 929 2422 de
955 2370 1036 2424 lucta
1060 2370 1140 2422 inter
1166 2370 1297 2422 milites?

72 2439 224 2507 Quomodo
245 2441 340 2508 puluis
356 2443 457 2508 procul
473 2448 501 2493 et
521 2457 600 2494 arma
625 2440 844 2509 coniciebantur,
870 2442 1070 2495 intenebris?
1096 2441 1169 2494 Sane
1188 2441 1297 2494 iterum

71 2513 108 2565 de
129 2509 251 2564 Vitellio
270 2519 371 2564 noster
395 2511 433 2562 11.
453 2515 479 2572 1,
498 2513 541 2566 62.
566 2511 654 2565 medio
678 2509 738 2564 diei
764 2511 943 2578 temulentus,
970 2520 999 2564 et
1016 2510 1187 2580 xiphilinus
1206 2513 1251 2573 6⁵,
1269 2514 1295 2566 2.

71 2583 105 2635 rb
132 2581 260 2634 πλεῖστον
284 2584 330 2650 τῆς
347 2581 450 2652 ἡμέρας
468 2583 515 2633 nal
538 2585 586 2650 τῆς
604 2582 700 2640 uvutdc
717 2579 849 2636 taenara.
870 2581 1016 2634 Diurnum
1037 2595 1106 2654 ergo
1126 2583 1296 2634 convivium

72 2651 228 2728 (intelligo
253 2672 269 2707 1
288 2653 411 2706 meridie
430 2661 481 2706 sut
499 2653 631 2718 circiter)
657 2655 877 2723 tempestivum,
896 2653 965 2722 quia
982 2653 1090 2703 initum
1105 2653 1232 2721 tempori
1251 2652 1298 2704 ni·

71 2726 147 2788 mis,
171 2731 346 2777 nocturnum
366 2733 467 2778 contra
490 2723 742 2795 intempestivum.
779 2715 927 2777 Describit
953 2721 1121 2792 Propertius
1146 2725 1174 2786 4,
1198 2727 1226 2790 6,
1252 2725 1296 2778 85.

71 2795 125 2850 Sic
144 2793 377 2864 noctem'palera,
396 2797 439 2848 sie
456 2797 554 2848 ducam
573 2793 707 2857 cartnine,
727 2794 812 2848 donec
829 2793 947 2847 lniiciat
966 2792 1065 2845 radios
1089 2791 1120 2844 in
1142 2809 1204 2847 mea
1230 2795 1297 2846 vina

72 2868 145 2920 dies.
184 2863 339 2920 Suetonius
367 2866 460 2942 Galig.
489 2882 515 2920 c.
535 2870 580 2922 15.
625 2865 759 2919 Senatum
784 2867 967 2935 populumque
997 2863 1161 2930 obiurgavit
1196 2865 1297 2933 edicto,

72 2938 149 3008 quod
166 2936 290 2990 Caesare
310 2937 467 3005 proeliante
490 2937 685 3008 intempestiva
704 2937 842 3004 convivia,
870 2936 976 2990 circum
993 2942 1021 2989 et
1040 2932 1149 2987 tbeatra
1168 2942 1195 2989 el
1205 2953 1298 2989 amoe-

71 3025 126 3062 nos
143 3017 273 3062 secessus
287 3009 468 3064 celebrarent.
507 3009 610 3063 Cicero
633 3024 688 3080 pro
711 3011 831 3062 Murena
859 3025 883 3062 c.
904 3010 946 3064 tv.
983 3006 1178 3072 Intempestiui
1201 3009 1297 3062 conai-

71 3081 127 3146 vii,
147 3081 256 3133 amoeni
273 3081 340 3147 loci,
358 3082 509 3134 multarum
527 3080 695 3134 deliciarum
714 3095 806 3134 comes
824 3087 865 3132 est
886 3085 1009 3133 extrema
1027 3076 1151 3131 saltatio.
1178 3077 1296 3134 Curtius

70 3158 101 3214 6,
122 3155 148 3208 l.
185 3151 384 3220 lntetnpestiva
403 3152 529 3205 convivia
547 3159 574 3205 et
589 3153 756 3220 perpotandi
771 3151 1021 3221 pervigilandique
1045 3149 1149 3201 insana
1171 3149 1295 3204 dulcedo.

70 3225 115 3276 Et
133 3221 266 3292 exempla
283 3220 386 3292 plura:
407 3223 454 3277 sed
473 3225 519 3290 iis,
540 3225 590 3294 qui
608 3239 660 3276 cor
677 3222 796 3293 habent,
815 3221 888 3278 haee
906 3225 989 3279 sutis:
1007 3221 1106 3294 μωρὸν
1118 3229 1214 3277 sutem
1233 3224 1296 3280 οὔτε

72 3299 168 3350 πεῖσαι
186 3296 249 3348 οὔτε
267 3291 351 3367 ῥῆξαί
366 3291 431 3362 ἐστι,
450 3295 493 3365 eit
509 3295 630 3351 verbum
650 3302 744 3351 retus.
812 3341 816 3348 .

523 3453 569 3508 tt.
596 3452 652 3518 ,11
676 3454 758 3525 cap.
782 3451 851 3512 ur.

145 3573 221 3637 Ludi
237 3575 378 3630 iuvenales
396 3577 506 3648 privati
526 3587 556 3633 et
572 3593 623 3650 per
641 3579 752 3634 domum
770 3587 819 3634 aut
838 3577 933 3634 borlas
950 3577 1075 3634 Neronis
1094 3577 1241 3632 celebrati
1264 3595 1293 3630 v.

71 3647 118 3712 1⁵,
137 3649 184 3703 33.
219 3649 325 3700 Mansit
342 3664 449 3705 nomen
468 3649 602 3705 ludorum
621 3651 781 3723 posteriori
798 3663 878 3716 sevo,
899 3659 928 3706 et
946 3652 1151 3732 Imperatores,
1179 3649 1294 3719 quosin

70 3718 183 3790 palatio
201 3717 286 3772 ludos
305 3719 408 3773 dabant
425 3720 562 3776 Kalendis
582 3724 652 3777 novi
670 3724 749 3784 anni,
768 3723 809 3788 (v.
829 3723 865 3776 sd
882 3721 978 3786 171.)
997 3721 1137 3774 iuvenalia
1155 3720 1295 3772 videntur

71 3787 234 3860 appellasse
258 3790 291 3842 ab
311 3793 444 3863 exemplo
463 3791 520 3847 hoo
536 3794 671 3849 Neronis.
692 3795 827 3848 Sidonius
846 3793 974 3847 inNerb.
994 3793 1095 3856 (carm.
1115 3791 1219 3855 1311.
1241 3791 1294 3846 aot

73 3879 137 3930 “Iq·
174 3860 263 3913 lam
288 3863 363 3927 stris
390 3877 456 3916 suas
481 3867 591 3934 bifrons
614 3865 759 3920 Kalendas
782 3867 930 3918 sumendas
953 3864 1089 3930 referebat
1115 3863 1154 3914 od
1171 3861 1292 3914 curules.

73 3933 141 3985 Mos
159 3937 201 3984 est
217 3931 398 3998 Caesaribus,
418 3936 464 3989 die
482 3939 526 3990 bis
544 3951 598 3990 uno
617 3938 628 4002 (
634 3954 653 4005 p
658 3939 695 4010 fi
700 3943 802 3990 vatos
820 3936 955 4002 vocitant)
972 3950 1078 4004 parare
1096 3935 1184 3986 ludos.
1217 3932 1294 3984 lunc

72 4009 170 4056 coetus
188 4003 317 4056 iuvenum
334 4006 385 4057 sed
403 4006 560 4062 aulicorum
577 4008 641 4062 Elei
659 4007 813 4062 simulacra
833 4014 914 4061 torva
932 4006 1023 4074 campi
1038 4011 1146 4058 exercet
1164 4004 1294 4072 spatian-
1337 4034 1342 4043 ·

74 4075 149 4126 libus
167 4073 328 4143 quadrigis.
366 4075 406 4136 El
425 4079 506 4134 addit
522 4087 589 4152 post
608 4081 832 4152 descriptionem
852 4078 999 4132 curulium
1018 4077 1155 4129 ludorum
1183 4093 1210 4130 v.
1229 4077 1291 4130 138.

73 4147 133 4198 iam
150 4161 216 4198 vero
234 4145 408 4200 iuvenalibus
424 4154 566 4218 peractis;
596 4160 630 4204 ut
648 4153 805 4205 videantur
822 4151 844 4202 ii
864 4151 936 4214 ludi,
955 4157 1026 4201 tuno
1045 4147 1173 4218 quidem,
1200 4147 1293 4198 sceni-

73 4233 141 4270 cum
160 4215 238 4270 nihil
255 4217 399 4275 habuisse.
438 4225 532 4294 Atque
551 4225 592 4276 ita
610 4223 768 4298 distinguit
787 4223 885 4286 etiam,
907 4221 966 4273 nisi
984 4219 1083 4284 fallor,
1108 4217 1292 4288 Capitolinus

74 4288 106 4340 in
126 4287 282 4342 Gordianis
300 4303 324 4340 c.
344 4290 371 4344 1.
409 4290 521 4349 coraus
539 4295 619 4360 elicit,
648 4295 678 4348 in
702 4291 827 4347 omnibus
851 4291 1017 4345 civitatibus
1037 4290 1217 4358 Campaniae
1244 4285 1319 4340 Pi-'

73 4359 147 4427 ceni,
169 4359 301 4413 Unsbriae
320 4359 353 4414 de
369 4367 489 4439 proptio
505 4368 587 4422 illum
601 4383 653 4438 per
671 4366 852 4437 quatriduum
869 4364 949 4418 ludos
962 4355 1085 4416 scenicis
1103 4368 1130 4414 et
1148 4357 1292 4416 iuuenali·

115 4449 183 4517 opp.
205 4450 270 4505 Tac.
309 4449 340 4504 T.
359 4450 399 4509 11.
963 4435 1004 4500 36
