2872 4786
386 249 390 254 ¹
449 221 512 289 An
532 219 700 290 ANNAL.
721 221 805 292 LIB.
827 219 889 290 xl.
1101 299 1104 306 ,
1220 221 1284 294 553

60 391 227 474 imperinm
255 387 465 474 tribunosque
494 389 628 472 militurn
655 389 822 456 consulari
845 388 977 472 inperio
997 387 1189 472 appellatae,
1225 391 1283 474 qui

61 479 131 539 seni
152 483 185 538 et
205 493 300 556 saepe
313 477 425 538 octoni
445 474 654 539 crearentur!
673 476 755 558 qnid
774 475 1017 538 communicatos
1033 483 1194 554 postremo
1215 491 1283 538 ase

59 559 153 640 plebe
173 557 308 622 bonores
328 576 393 620 non
420 557 533 638 imperi
553 558 652 622 solum
679 559 738 623 sed
756 557 1006 622 sacerdotiorum
1027 556 1174 641 quoque!
1214 559 1282 622 Iam

60 645 91 705 si
111 661 248 720 narrem,
280 639 365 704 bella
390 661 412 704 a
431 640 549 724 quibus
577 645 740 723 coeperint
768 644 904 704 maiores
929 643 1035 706 nostri
1061 651 1095 704 et
1122 660 1185 724 quo
1203 661 1283 722 pro·

61 729 257 801 cesserimus,
288 744 400 788 vereor
423 744 463 787 ne
488 727 586 788 nimio
614 725 806 790 insolentior
829 745 897 788 esse
926 723 1038 788 videar
1067 733 1099 786 et
1119 728 1283 808 quaesisse

59 811 266 874 iactationem
285 809 413 893 gloriae
430 807 556 888 prolati
575 811 702 892 imperii
727 810 819 874 ultro
839 807 1011 873 Oceanum:
1042 807 1100 873 sed
1126 808 1205 876 illoc
1222 829 1282 892 po-

60 896 127 958 tius
154 902 300 956 reuertar
331 894 577 958 ciuitatem...
653 931 658 942 ·

453 1057 495 1113 ln
526 1057 670 1136 Pagina
704 1059 882 1120 secundis

143 1229 258 1252 ......
280 1204 723 1253 sane.....nooo......
747 1187 840 1252 diores
866 1183 1018 1272 Augm.
1046 1207 1205 1256 no.....
1228 1185 1279 1250 lus

59 1275 91 1366 et
111 1277 250 1366 patmus
274 1267 324 1334 Ti.
347 1267 742 1370 Caesaromnemflerem
766 1271 884 1355 ubique
906 1272 1102 1338 coloniarum
1116 1269 1163 1334 'ac
1180 1273 1279 1370 mnni-

57 1353 1281 1520 sistito.“titt:dite,ritant‚tltttltttmtl‘sttt

56 1519 133 1582 Est.
177 1521 244 1584 lam
265 1521 356 1584 vobis
378 1541 445 1584 arm
475 1517 560 1582 bane
583 1529 707 1602 partem
735 1539 886 1586 emsurae
904 1543 989 1587 meae
1008 1520 1188 1604 approbare
1209 1539 1279 1582 coe·

54 1622 147 1684 pero,
170 1602 250 1686 quid
269 1605 308 1667 de
328 1625 366 1668 ea
388 1624 422 1668 re
442 1604 587 1683 sentias,
609 1603 703 1668 rebus
724 1607 894 1670 ostendam.
916 1605 987 1672 Sed
1005 1626 1045 1669 ne
1061 1602 1279 1687 provinciales

56 1687 194 1768 quidem,
214 1689 355 1751 simodo
376 1708 493 1751 ornare
515 1690 634 1751 curiam
652 1693 808 1768 poterint,
831 1691 1029 1770 recipiendos
1046 1699 1137 1772 puto.
1176 1687 1279 1750 Orna-

57 1771 182 1832 tissima
203 1789 274 1834 ecce
296 1773 424 1837 colonia
444 1771 723 1856 potentissimaque
741 1773 962 1839 Viennensium
982 1793 1076 1856 quam
1097 1772 1196 1853 longo
1216 1774 1279 1835 iam

57 1861 196 1934 tempore
216 1867 381 1920 senatores
402 1855 478 1918 lsuic
499 1857 608 1918 curiae
629 1855 781 1936 confert!
802 1877 842 1921 ea
862 1877 927 1940 qua
947 1857 1074 1920 colonia
1094 1859 1179 1919 inter
1197 1873 1278 1936 pou-

55 1957 113 2000 cos
148 1941 306 2021 equestris
344 1939 469 2004 ordinis
507 1945 719 2002 ornamentum
755 1935 799 2004 L.
835 1940 996 2006 Vestinum
1029 1938 1279 2018 familiarissime

54 2021 164 2102 diligo
184 2030 216 2085 et
236 2021 392 2108 bodieque
422 2026 457 2087 in
487 2021 581 2085 rebus
609 2025 685 2088 meis
712 2023 855 2088 detineo:
888 2026 978 2088 cratus
1007 2023 1102 2088 liberi
1122 2022 1279 2102 fruantur

53 2124 175 2186 qnaeso
193 2110 296 2186 primo
317 2108 566 2176 sacerdotiorum
586 2107 706 2189 gradu,
731 2117 807 2188 post
837 2108 929 2171 modo
951 2127 1017 2171 eum
1039 2106 1133 2172 annis
1151 2124 1278 2188 promo·

52 2192 123 2252 turi
136 2189 401 2271 dignitatissuae
422 2193 625 2255 incramenta.
662 2191 706 2256 Ut
726 2191 828 2256 dirum
848 2209 958 2255 nomen
979 2191 1117 2255 latronis
1146 2200 1277 2269 taceam,

52 2283 86 2336 et
110 2273 166 2335 odi
186 2273 269 2337 illud
286 2271 491 2356 palestricum
511 2273 707 2356 prodigium,
733 2277 821 2358 qnod
839 2286 915 2339 ante
935 2279 969 2339 in
990 2277 1109 2340 domum
1132 2273 1276 2338 consula-

52 2368 122 2419 tum
143 2357 315 2434 intnlitta)
338 2377 430 2441 quam
452 2357 579 2421 colonia
599 2377 659 2420 sua
679 2359 814 2423 solidum
841 2363 986 2425 civitatis
1005 2359 1166 2424 Romanae
1186 2357 1277 2421 berse-

50 2443 165 2524 ficium
186 2451 356 2504 consecuta
378 2450 436 2506 est.
478 2440 561 2504 Idem
593 2440 632 2501 de
652 2439 760 2518 fratre
787 2444 855 2504 eius
874 2461 1000 2524 possiem
1021 2444 1127 2506 dicere
1146 2445 1277 2507 misera·

51 2523 121 2588 bili
148 2523 271 2607 quidem
296 2525 584 2610 indignissimoque
617 2519 679 2587 boc
705 2542 795 2603 casn,
829 2533 867 2590 ut
901 2525 992 2590 vobis
1023 2526 1118 2592 utilis
1145 2534 1277 2588 senator

50 2627 125 2672 esse
144 2627 209 2670 non
226 2611 345 2691 possit.

140 2707 274 2792 Tempus
295 2718 343 2775 est
365 2711 436 2783 inm,
462 2705 512 2776 Ti.
536 2705 658 2776 Caesar
678 2705 876 2788 Germanice,
897 2709 1047 2790 detegere
1068 2715 1100 2770 te
1119 2705 1277 2772 Patribus

50 2796 262 2875 conscriptis,
293 2814 356 2878 quo
380 2791 490 2858 tendat
511 2794 619 2858 oratio
642 2802 707 2858 tua.
748 2795 816 2858 lam
842 2794 922 2857 enim
951 2793 995 2856 cd
1021 2801 1175 2856 extremos
1195 2783 1277 2876 lines

51 2875 186 2942 Galliae
205 2878 429 2943 Narbonensis
449 2879 576 2944 venisti.
917 2907 928 2924 =

139 2975 204 3042 Tot
232 2997 305 3042 ecee
330 2981 480 3060 insignes
513 2981 653 3056 iuvenes,
687 2985 765 3061 quot
794 2978 932 3058 intueor,
972 2975 1037 3042 non
1067 2973 1173 3057 mngis
1200 2983 1277 3038 sunt

46 3061 241 3144 paenitendi
261 3071 427 3126 senatores
453 3082 543 3146 quam
569 3063 715 3142 paenitet
729 3057 893 3126 Persicum
912 3060 1144 3125 nobilissimum
1164 3059 1276 3138 vinem,

48 3147 187 3208 amiam
206 3165 313 3225 meum,
335 3149 423 3209 inter
442 3148 600 3228 imagines
619 3147 771 3208 maiorum
791 3165 917 3208 monem
937 3141 1148 3226 Allobrogici
1167 3161 1277 3204 nornen
1344 3149 1346 3156 ‘

48 3229 190 3312 legere„
215 3229 358 3302 Quodsi
379 3228 457 3292 baec
479 3232 528 3293 ita
549 3247 616 3291 esse
638 3229 838 3308 consentitis,
862 3227 942 3311 quid
960 3228 1049 3292 ultra
1071 3225 1275 3302 desideratis,

47 3333 146 3396 quam
170 3323 209 3373 ut
235 3313 326 3376 nobis
354 3311 462 3394 digito
493 3314 709 3385 demonstrem,
742 3310 842 3374 solum
862 3315 965 3392 ipsum
990 3311 1079 3376 ultra
1100 3311 1181 3396 {ines
1201 3329 1275 3386 pro-

47 3397 179 3459 vinciae
199 3395 420 3460 Narbonensis
441 3399 503 3460 iam
524 3395 616 3459 uobis
636 3404 801 3459 senatores
820 3398 957 3473 mittere,
978 3395 1106 3479 quando
1127 3413 1167 3457 ex
1183 3389 1276 3476 Lng-

47 3481 139 3542 duno
161 3477 278 3542 babere
304 3498 364 3543 nos
388 3482 495 3543 nostri
522 3479 646 3543 ordinis
667 3481 755 3542 viros
782 3498 847 3542 non
865 3481 1020 3560 paenitet.
1067 3476 1187 3544 Timide
1206 3477 1276 3560 qui·

46 3565 130 3641 dem,
154 3559 189 3625 P.
212 3561 260 3644 0.,
288 3583 440 3646 egressus
472 3561 622 3626 adsuetos
655 3561 895 3647 familiaresque
923 3561 1014 3626 nobis
1039 3563 1276 3643 provinciarum

49 3647 205 3712 terminos
233 3665 319 3720 sum;
355 3646 414 3710 sed
439 3646 593 3710 destricte
614 3649 675 3710 iam
698 3644 850 3711 Comatae
872 3644 1003 3712 Galliae
1030 3665 1127 3710 cansa
1147 3643 1276 3727 agenda

47 3740 110 3794 est.
153 3730 194 3793 ln
214 3749 279 3814 qua
306 3731 337 3794 si
363 3733 436 3814 quis
464 3730 525 3794 boc
545 3733 701 3810 intuetur,
736 3729 823 3814 quod
850 3729 933 3797 bello
957 3750 1017 3812 per
1043 3731 1146 3793 decem
1173 3745 1275 3791 annos

47 3825 265 3878 exercuerunt
284 3811 404 3880 Divom
424 3813 550 3892 lulium,
583 3814 663 3877 idem
683 3822 825 3895 opponat
847 3823 968 3877 centum
996 3833 1148 3877 annonem
1168 3814 1274 3877 immo-

47 3898 147 3962 bilem
166 3889 259 3981 fidem
280 3896 524 3982 obsequiumque
543 3896 651 3960 multis
681 3897 817 3979 trepidis
844 3897 938 3962 rebus
964 3899 1088 3962 nostris
1106 3895 1275 3978 plusquam

47 3989 224 4061 expertum.
277 3980 334 4045 Illi
366 3983 459 4062 patri
494 4001 561 4044 meo
590 3978 704 4047 Druso
737 3978 936 4046 Germaniam
967 3979 1134 4064 subigenti
1174 3988 1274 4042 tutam

47 4067 461 4224 qqiecmaqecnraqqne
473 4085 495 4128 a
509 4075 610 4228 >tergo
627 4083 738 4210 ppuq'em
755 4068 989 4212 praestq'tqquaqt
1010 4074 1045 4210 eq
1059 4062 1276 4212 qucqqqqsisaqq

47 4171 165 4296 bellum
186 4165 695 4313 avocbtgslsaessblbmqubbvbpus
721 4167 826 4314 {labbe
839 4166 1163 4296 lrtbummllronooss
1189 4249 1274 4292 nune

48 4335 118 4380 enm
145 4317 288 4389 mesine,
321 4315 464 4398 quamvis
491 4313 577 4382 nibil
601 4313 701 4391 ultra
734 4325 894 4400 quaerut
918 4311 1049 4398 publice
1079 4325 1175 4378 notas
1206 4315 1272 4380 sint
