2804 4790
223 203 372 274 CAPUT
391 205 468 274 LV.
489 205 582 273 LVI.
608 204 664 290 (A.
685 203 727 272 11.
748 207 823 276 8⁰5.
845 205 889 272 A.
903 204 942 273 (3.
955 199 1045 286 ihi
1176 209 1239 278 lta

459 371 654 450 oaeur
705 373 797 432 nra.

96 498 166 564 Sub
191 497 282 564 idem
309 508 441 584 tempus
465 499 557 562 inter
584 499 694 574 lacum
722 498 884 562 Fucinum
914 517 1109 584 amnemque
1135 499 1236 564 Lirin

34 591 179 666 perrupto
200 592 327 663 monte,
349 603 416 666 quo
436 583 685 684 magnificentia
705 585 817 666 operis
838 603 858 644 a
878 582 1034 666 pluribus
1054 575 1238 664 viseretur,

33 665 91 728 lacu
109 669 245 750 inipso
265 668 381 730 navale
402 668 569 751 proelium
590 665 787 747 adornatur,
815 676 854 730 nt
875 665 1040 748 quondam
1066 667 1237 755 Augustae

32 758 144 812 amata
166 753 217 812 cia
239 748 392 814 Tiberim
414 760 545 838 stagno,
576 747 635 812 sed
655 750 785 813 levibua
807 751 951 837 navigiis
973 757 1007 812 et
1027 751 1160 812 minore
1180 771 1237 814 co·

30 835 72 974 pie
91 831 258 897 ediderat.
302 832 462 898 Claudius
483 835 640 896 triremes
661 831 952 917 quadriremesque
972 840 1007 895 et
1026 831 1149 896 undeui
1176 835 1238 896 ‘nti

46 917 191 978 ominum
211 917 317 982 millia
338 917 494 995 armavit,
516 917 626 978 cincto
649 916 778 978 ratibus
799 915 939 995 ambitu,
961 935 1003 978 ne
1017 935 1134 1003 vagae
1183 919 1238 1003 gia

30 1001 146 1074 forem
168 1021 209 1064 ac
228 1009 341 1064 tamen
361 1001 506 1083 epatium
526 1000 696 1082 amplexus
719 997 762 1060 ad
783 1001 851 1064 vim
873 1000 1018 1086 remigii,
1073 1000 1238 1064 ubernau·

29 1085 99 1142 bom
120 1091 226 1162 artae,
251 1085 394 1166 impetus
416 1085 552 1146 navium
574 1089 609 1146 et
629 1081 761 1163 proelio
782 1083 890 1145 eolita.
932 1081 970 1146 In
991 1021 1121 1148 rethur
1140 1103 1237 1168 prae-

28 1167 186 1227 toriarum
205 1165 397 1228 cohortium
417 1163 583 1250 manipuli
603 1173 798 1250 turmaeque
809 1163 1019 1244 adstiterant
1041 1167 1237 1250 antepositie
1305 1172 1308 1180 ’

27 1249 293 1388 propmenaculia
335 1271 375 1312 ex
412 1249 486 1332 quia
526 1249 715 1332 catapultae
753 1244 971 1332 ballistaeque
1005 1241 1245 1312 tenderentur.'

49 1331 153 1413 eliqua
175 1331 267 1396 lacus
288 1332 451 1395 classiarii
471 1333 569 1394 tertie
590 1331 731 1395 navibus
752 1331 957 1396 obtinebant.
991 1323 1091 1414 Ripae
1114 1340 1149 1396 et
1169 1333 1238 1394 col·

26 1411 66 1474 la
94 1433 132 1477 ac
160 1418 327 1478 montium
356 1413 445 1478 edita
472 1415 509 1476 in
536 1412 673 1478 modum
704 1413 831 1476 theatri
856 1412 1037 1476 multitudo
1059 1417 1239 1479 innumera

26 1497 201 1579 complevit
221 1499 384 1582 proximis
406 1499 638 1581 e‘municipiio
670 1506 705 1561 et
732 1496 793 1559 alii
813 1495 905 1562 Urbe
937 1517 976 1561 ex
1004 1498 1076 1578 ipra
1105 1496 1239 1562 visendi

27 1579 174 1662 cupidine
202 1588 262 1643 aut
290 1583 402 1645 officio
433 1583 471 1644 in
491 1581 691 1664 Principem.
744 1579 818 1663 Ipse
847 1581 972 1667 insigni
1000 1579 1237 1663 paludamento

26 1681 120 1746 neque
148 1665 273 1747 procul
294 1665 481 1752 Agrippina
514 1663 689 1744 chlamyde
710 1671 831 1726 aurata
859 1662 1062 1746 praesidere.
1105 1665 1237 1750 Pugna·

26 1755 98 1824 mm,
129 1767 221 1830 quen
242 1767 320 1810 uam
341 1750 431 1810 inter
451 1756 575 1826 sontes,
606 1746 748 1809 fortium
769 1747 925 1809 virorum
945 1749 1070 1828 animo,
1101 1765 1140 1810 ao
1161 1753 1239 1830 poet

25 1831 159 1893 nultum
178 1769 357 1895 ruinarum
379 1830 546 1894 occidioni
567 1829 714 1914 exempti
734 1836 823 1894 aunt.

86 1953 110 2005 l.
128 1949 234 2002 Lacu
251 1947 378 2004 metm
400 1947 521 2004 interll
543 1949 720 2004 enninorum
737 1948 883 2001 montium
900 1947 912 2001 i
995 1945 1064 2005 hod.
1084 1947 1166 2012 lasa
1184 1945 1239 2000 ru-

24 2017 76 2070 riaa
91 2020 144 2074 rel
163 2021 242 2097 Lago
260 2020 290 2074 di
309 2021 427 2086 Caleno,
452 2022 495 2075 eie
518 1968 631 2074 dictum
658 2020 693 2073 ab
713 2019 820 2092 oppido
843 2019 879 2074 ad
897 2037 963 2075 eum
987 2020 1044 2073 aito
1062 2019 1096 2074 in
1113 2018 1238 2073 Ahrntio

24 2091 70 2143 ult
87 2101 117 2146 et
133 2107 222 2162 prov.
238 2093 362 2164 Neapol.
398 2091 471 2146 Eine
490 2093 674 2146 emissarium
692 2093 724 2145 in
742 2091 885 2158 Tiberim,
904 2089 983 2162 quod
1000 2092 1155 2146 meditetur
1175 2097 1239 2144 erat

25 2161 130 2230 uem,
153 2161 243 2228 (Suet.
265 2163 344 2220 Gaea.
364 2181 390 2217 c.
408 2164 466 2232 44.)
488 2167 655 2236 perfectum
673 2161 828 2218 aclaudio
847 2171 875 2218 et
894 2165 1088 2218 instauratum
1106 2181 1123 2216 a
1139 2162 1239 2220 Nem
1314 2171 1321 2190 '

24 2241 49 2286 et
68 2233 205 2290 Traiano.
250 2236 327 2290 Inter
348 2236 462 2290 moriae
487 2235 656 2290 memorando
681 2233 795 2288 Claudii
818 2235 938 2304 equidem
961 2236 1091 2302 duxerim,
1118 2233 1239 2304 quamvie

24 2305 168 2358 dulitrlrem
184 2307 353 2361 aueeereoria
370 2307 445 2373 adio,
472 2313 580 2360 moalem
603 2307 751 2374 personum
774 2306 813 2358 ad
829 2309 915 2360 laeam
938 2305 1065 2361 Farinam
1089 2306 1134 2374 (in
1151 2303 1238 2358 Tiba-

24 2377 85 2442 rim)
111 2379 284 2431 mittendam
309 2377 493 2432 inenerrabili
520 2379 649 2448 profecto
679 2377 812 2446 impendio
843 2384 870 2431 et
900 2393 1042 2446 operarum
1068 2377 1239 2432 multitudiue

24 2445 116 2512 (mx
135 2450 186 2504 rel
204 2449 278 2502 m
295 2448 438 2514 millium)
464 2465 512 2518 per
530 2455 571 2503 iot
595 2447 668 2516 (11.)
687 2461 782 2517 aanor,
809 2465 883 2518 quem
906 2456 953 2503 aut
977 2448 1131 2504 corriaotia
1154 2463 1238 2517 aqua-

23 2535 80 2584 m,
95 2537 149 2589 qua
167 2527 292 2574 terrenae
310 2535 383 2574 mma
400 2526 469 2588 aar,
487 2528 620 2587 ageretur
641 2521 671 2573 ia
688 2522 793 2575 vertice
814 2519 955 2586 macbiaie,
980 2528 1028 2574 aut
1044 2520 1117 2574 cilex
1140 2519 1239 2574 eaede-

23 2599 89 2644 τείν
105 2592 248 2660 maraque
263 2592 337 2646 iaiae
353 2593 384 2645 ia
406 2593 527 2645 ieaebria
549 2595 653 2660 fierent,
681 2608 748 2660 qaae
769 2607 852 2660 aeque
875 2591 985 2658 concipi
1001 2593 1099 2656 urimo,
1123 2591 1179 2644 aiei
1202 2590 1238 2644 ab

22 2663 57 2715 iia
71 2663 249 2734 prividere,
275 2681 363 2735 aeque
389 2661 508 2718 umam
532 2679 660 2718 aeraeoae
683 2661 820 2718 enarrari
842 2668 965 2732 porram
987 2663 1064 2718 Plin.
1083 2665 1129 2726 36,
1149 2663 1192 2718 1⁵.
1213 2679 1236 2714 e.

23 2737 62 2790 tl.
80 2736 124 2790 Gi.
142 2734 203 2788 Dio
220 2739 265 2800 iu,
285 2737 393 2794 11.3³.
418 2735 496 2792 Suet.
523 2734 624 2792 Claud.
643 2739 688 2792 2⁰.
714 2736 827 2806 (ibique
843 2735 916 2789 Ern.
944 2735 978 2787 in
999 2733 1084 2800 Ena.)
1107 2732 1238 2788 Fabratti

24 2804 53 2860 de
69 2809 222 2862 emissario
240 2806 293 2861 lac.
312 2805 382 2861 Fue.
403 2807 507 2862 Eueeb.
526 2807 559 2860 in
578 2807 686 2864 chron.
707 2815 737 2862 et
755 2805 903 2879 Spartiani
920 2803 1009 2863 Hadr.
1034 2823 1059 2858 c.
1077 2807 1123 2862 22·
1160 2804 1237 2876 Opus

23 2879 174 2933 aclaudio
193 2895 253 2932 non
271 2877 436 2934 absolutum
455 2877 725 2942 divititiarum.
758 2877 838 2950 quod
860 2895 876 2932 e
899 2877 1007 2934 eeriori
1033 2875 1113 2930 laone
1131 2873 1239 2930 Fucini

25 2956 92 3003 rara
107 2951 144 3004 ab
165 2965 200 3004 eo
219 2949 375 3004 collectum
393 2957 493 3004 censet
510 2949 583 3007 Ero.
611 2981 645 2992 -
665 2965 774 3004 amnem
791 2947 887 3014 lirin,
914 2949 966 3021 qui
983 2947 1101 3002 latium
1119 2966 1135 3002 a
1155 2945 1239 3001 Gem-

24 3023 118 3088 paniae
145 3037 201 3076 ora
224 3021 307 3074 eeiun
330 3023 354 3076 it
379 3028 410 3076 et
435 3021 518 3092 priua
537 3021 639 3076 Glanie
665 3040 687 3074 s.
715 3021 826 3086 Olenia,
852 3020 966 3084 Kiairre,
995 3019 1159 3090 appellatur
1183 3025 1238 3084 eat,
1353 3057 1357 3072 .

24 3105 91 3145 aune
109 3092 288 3162 Gariglioaa
305 3041 423 3148 dicitur.
441 3091 540 3162 lyrim
549 3100 707 3162 praerupto
725 3093 783 3148 MS.
803 3092 901 3147 Guelf.
921 3089 1016 3145 Lirim
1034 3089 1099 3145 edd.
1111 3088 1190 3162 Spir.
1209 3099 1239 3145 et

26 3177 74 3216 rer.
91 3164 174 3235 lyr-ia
193 3163 256 3218 edd.
275 3163 338 3221 Put.
358 3169 384 3221 1.
403 3165 429 3220 2
449 3170 480 3218 et
497 3165 580 3220 aliae.
601 3195 634 3208 -
653 3165 717 3218 lacu
735 3165 768 3218 ia
785 3164 850 3232 ipro
869 3163 969 3217 navaie
988 3163 1140 3232 praelium,
1167 3179 1239 3216 reo-

26 3241 113 3302 aazia,
132 3235 297 3288 adamatur
320 3243 376 3290 cet.
402 3234 446 3291 Cf.
466 3234 546 3290 Suet.
566 3235 668 3294 Claud.
688 3239 732 3292 21.
757 3244 787 3290 et
803 3234 861 3290 Dio
879 3235 925 3303 60,
943 3237 987 3292 33.
1012 3233 1169 3288 ordinatur
1194 3233 1238 3290 ed·

27 3301 92 3374 Spir.
113 3338 147 3349 -
168 3312 200 3358 at
220 3307 359 3378 quondam
385 3303 425 3372 (a.
443 3305 479 3364 U.
500 3307 573 3374 ⁷52.)
597 3309 748 3375 Augoatue
775 3313 829 3361 cet.
854 3305 900 3364 Of.
920 3307 1027 3372 14,1t.
1053 3297 1132 3361 Suet·
1160 3304 1237 3382 Aug.

27 3389 46 3426 t
61 3381 102 3433 ⁴³.
121 3376 200 3432 VelL
221 3379 249 3442 2,
268 3382 329 3434 1⁰0.
349 3386 379 3432 et
395 3395 498 3432 marm.
517 3377 665 3450 Ancyra.
686 3381 768 3434 cuiue
786 3377 875 3434 rerba
893 3386 963 3435 aaut
981 3376 1013 3432 in
1031 3378 1087 3433 tab.
1106 3377 1239 3448 primae

26 3445 135 3502 iextm
152 3447 276 3502 Navalia
289 3449 397 3519 praelii
421 3449 608 3518 epectaeulam
626 3451 731 3519 populo
757 3449 824 3504 dedi
852 3456 936 3504 traua
962 3449 1097 3518 Tiberim,
1124 3449 1157 3504 ia
1184 3464 1238 3519 qua

27 3517 78 3571 leaa
103 3536 181 3574 neae
204 3537 299 3574 uanae
323 3527 364 3574 ert
392 3521 559 3588 Caesarum,
586 3527 686 3575 cauato
711 3521 773 3576 eolo
796 3523 829 3576 in
856 3521 1073 3598 longitudinem
1098 3519 1183 3574 milia
1210 3523 1239 3574 et

26 3592 202 3662 adiugentur
217 3592 319 3659 pedae:
337 3592 369 3645 iu
388 3591 544 3648 latitudine
561 3593 646 3647 mille
666 3602 749 3647 erant
767 3601 797 3647 et
814 3593 937 3649 ducenti.
973 3591 1009 3646 Io
1034 3608 1088 3663 qua
1111 3589 1239 3660 triginta

26 3669 167 3716 miratae
183 3678 277 3728 roure,
296 3663 428 3717 triremee
447 3673 477 3719 et
494 3663 703 3749 quadriremes,
724 3663 822 3734 pluria
840 3670 933 3718 aaran
955 3664 1082 3716 miaarea
1108 3663 1186 3718 inter
1209 3675 1240 3716 ee
1334 3663 1336 3670 '

28 3735 215 3796 oaaixeraae.
250 3735 356 3788 Atticie
384 3742 414 3788 et
431 3734 557 3790 Perueia
580 3735 720 3789 cloaribue
742 3733 943 3804 pugnaverunt
971 3740 1090 3803 praeter
1114 3732 1240 3802 remiget

27 3805 111 3858 milia
128 3804 283 3861 hominum
301 3807 341 3859 tr'
366 3806 373 3819 '
409 3821 427 3858 a
446 3804 573 3860 circiter.
609 3807 667 3860 llic
689 3824 827 3862 numerua
851 3803 932 3861 haud
955 3806 1042 3861 dubie
1066 3813 1238 3876 corruptura

29 3891 84 3928 ram
111 3875 253 3931 Claudius
274 3875 322 3931 XI
375 3875 519 3932 bominum
548 3875 643 3931 miliia
667 3878 802 3945 ammovit,
830 3877 979 3955 angeretur
1009 3885 1107 3932 autern
1133 3873 1238 3931 navale

29 3948 167 4014 praelium
184 3945 276 4000 edidit
292 3948 402 4003 ariam
419 3949 513 4020 copia,
531 3947 732 4017 multitudine,
751 3947 800 4015 (ut
816 3951 844 4016 ⁴,
863 3952 890 4006 4·
908 3951 953 4005 27.
973 3956 1003 4003 et
1020 3947 1071 4016 al.)
1095 3947 1159 4004 ecil.
1184 3941 1239 3998 ho-

29 4017 143 4072 minum.
179 4017 314 4074 Fortunae
331 4029 361 4074 et
379 4019 432 4074 ille
449 4037 590 4075 uumerus
612 4020 798 4085 minuendus,
825 4021 894 4091 quia
917 4018 1130 4074 naumachiarii
1155 4022 1239 4070 eraut

29 4089 359 4215 ffl'ewiiigist
376 4089 523 4230 qicquntur.
542 4091 991 4226 „Cpqmunqilluqetagnupfuit
1001 4091 1105 4217 iffiv
1117 4087 1238 4213 rpqp‘iptqq

324 4179 363 4229 m,
427 4181 558 4218 .marm.
682 4179 892 4218 .uuanuu
932 4179 1006 4217 ee
1083 4179 1100 4215 r

30 4243 94 4283 tere.
130 4229 194 4286 Gur
218 4230 337 4287 Tacitae
367 4235 427 4290 acri
448 4237 523 4290 aerit
547 4233 593 4288 eie
618 4179 745 4288 firmam
768 4249 829 4288 non
849 4179 1034 4302 videqpiiisi
1055 4233 1179 4286 loriam
1205 4228 1239 4281 in

29 4297 87 4354 HV
103 4301 192 4358 oroi·
210 4303 329 4379 ragione
346 4304 409 4377 ipsa
425 4251 612 4364 habitaverit.
646 4304 751 4384 Sangui
766 4313 866 4362 autem
892 4319 945 4362 eeu
967 4299 1157 4361 naumachiae
1181 4297 1239 4353 ho·
