2814 4792
180 235 243 306 83⁴
555 233 801 306 'ANNALIUM
820 235 904 304 hta.
926 235 1019 306 XIV.

221 419 283 458 nr.
301 418 364 476 cap.
384 405 430 461 lt.
449 409 479 458 et
496 403 541 471 tt,
559 405 603 461 ts.
638 405 714 462 Nam
732 407 890 462 detractore
905 405 1029 478 proprie
1047 413 1093 460 est
1115 403 1253 462 detrohn
1275 405 1367 480 aliquid

180 495 197 531 a
234 475 333 547 aliquo
351 483 381 530 et
398 475 469 530 hinc
487 473 628 543 deterere,
647 479 833 548 imminuere,
852 486 1019 546 extenuare,
1039 478 1163 548 elevare,
1187 480 1366 538 ut0.11.1t.

179 551 225 605 26.
246 555 276 602 et
291 548 355 601 Liv.
374 551 419 613 38,
437 551 481 605 ta.
500 554 563 600 tum
580 566 725 618 recusare,
743 557 778 602 ut
796 557 822 618 1,
840 553 885 609 ta.
903 553 949 608 45.
976 549 1011 605 Η.
1030 552 1058 618 3,
1077 553 1120 609 97.
1146 555 1231 618 4,67.
1254 551 1316 629 Agr
1333 557 1366 608 11.

180 617 252 674 lnde
275 619 433 674 detractare
458 621 567 676 rectius
591 623 735 694 scriptum
759 620 789 675 h.
808 622 829 675 1.
859 623 891 676 in
909 619 967 677 MS.
995 621 1296 694 Gaeit'..omnibusque
1317 621 1366 676 edd.

179 697 238 746 vet.
259 699 325 747 ante
343 691 422 746 Pieli.
451 699 481 746 et
504 691 537 746 in
559 692 649 748 Bekk.
674 695 743 747 mai.
772 693 821 760 (ut
842 693 921 749 haud
946 693 1089 748 dubie'in
1109 695 1200 768 pluris
1238 712 1253 750 e
1277 693 1368 750 uste

180 762 285 834 φιίιιιι
302 762 380 818 nihil
398 769 546 818 enotatum
564 781 581 816 a
598 767 672 822 viris
691 765 797 831 doctis)
824 783 911 839 wem
929 767 1086 821 detrectare
1112 771 1145 820 in
1168 767 1201 820 ed
1252 784 1304 822 rec.
1334 768 1368 820 itt

180 843 211 889 et
228 834 324 890 ubivis
342 837 407 890 fere
425 837 457 888 in
476 837 598 905 optimis
615 835 690 893 MSS.
719 846 750 893 et
776 838 837 895 edd.
863 843 921 894 vet.
950 837 996 894 Cf.
1020 837 1059 892 ad
1081 837 1145 892 loca
1162 837 1253 892 Taciti
1268 835 1368 903 huden,

179 903 252 959 Em.
273 905 309 962 Ed
328 911 372 971 u,
394 911 435 961 ΙΙ·
456 914 485 961 et
503 907 540 964 Η.
560 912 587 974 l,
604 911 647 966 83-
666 909 764 966 ΒΙῙΠΏ.
784 911 819 964 ad
837 907 919 966 ovid.
938 911 1005 966 Μθῑ·
1023 911 1058 976 6,.
1070 913 1133 968 ²⁴6·
1158 910 1243 964 ΒΗΚ
1266 911 1298 964 {d
1318 911 1367 962 liif-

179 979 208 1042 3,
227 979 270 1033 63.
290 981 335 1042 31,
355 978 496 1034 maort.
516 986 546 1033 et
564 981 701 1036 Gerlach.
720 982 756 1035 ad
773 979 842 1036 Sall.
866 982 932 1058 lug.
960 985 1004 1038 5³.
1023 983 1068 1038 57.
1096 981 1228 1059 Wagner
1240 982 1283 1036 ,ad
1303 983 1368 1057 Virg.

179 1045 251 1102 Aen.
271 1053 376 1116 1,211.
396 1082 430 1093 —
466 1052 582 1106 illudere
599 1070 694 1108 uoces:
713 1072 780 1108 nam
799 1054 915 1114 illudere
933 1061 962 1107 et
980 1053 1143 1108 accusativo
1164 1062 1192 1108 et
1209 1053 1297 1106 dativo
1318 1053 1369 1105 iun·

179 1121 269 1196 gitur.
290 1141 317 1178 v.
338 1121 399 1176 ind.
418 1121 457 1176 11.
475 1139 567 1177 uocem
585 1127 658 1181 coni.
679 1125 745 1181 Urs.
766 1134 795 1180 et
813 1129 886 1180 Mur.
906 1126 982 1180 vocei
999 1123 1029 1178 h.
1052 1143 1075 1180 e.
1097 1125 1159 1178 voci
1175 1125 1250 1180 Acid.
1279 1125 1368 1190 „Immo

179 1207 258 1246 uoces
277 1209 311 1248 eo
329 1211 415 1248 sensu
433 1211 491 1265 quo
509 1214 555 1280 ap.
573 1193 653 1251 Suet.
673 1197 705 1250 in
723 1198 784 1256 rita
802 1195 935 1252 Terentii
954 1215 978 1250 c.
996 1193 1024 1253 5:
1060 1198 1244 1252 Menandrum
1259 1195 1285 1249 in
1299 1197 1369 1248 nedt'o

176 1266 272 1334 populi
289 1266 430 1321 sedalis
456 1268 600 1322 occulus
618 1271 703 1336 effera
721 1271 940 1340 quiquidem
957 1271 1068 1339 loquens
1091 1277 1120 1322 al
1158 1287 1173 1322 e
1198 1269 1284 1322 onmia
1299 1267 1369 1322 dulcia

179 1337 282 1405 dicate,
302 1335 403 1395 Germ.
426 1338 646 1396 Ausdrucks
664 1373 698 1385 -
718 1342 768 1396 rel
789 1341 1120 1420 Vortragsweise.‘
1154 1339 1255 1398 Waltlt.

249 1445 275 1498 2.
296 1445 381 1500 Quem
398 1445 438 1500 ad
452 1447 546 1513 finon:
582 1447 681 1515 „male
699 1449 935 1520 interpretantur
958 1467 1002 1502 au
1024 1445 1207 1503 welchem
1233 1443 1369 1502 zweeke.

179 1515 273 1570 Immo
290 1515 347 1570 bis
366 1535 408 1571 zu
425 1518 603 1574 walchem
622 1519 720 1587 utel,
743 1518 773 1574 h.
793 1538 817 1579 e.
838 1537 988 1594 quousque
1006 1507 1131 1574 tandem.
1168 1519 1284 1597 Signum
1299 1521 1371 1572 inter·

178 1587 302 1664 rogandi
319 1595 386 1660 post
402 1591 485 1656 fineen
499 1599 613 1662 ponunt
630 1591 694 1646 edd.
713 1594 775 1646 tut
796 1597 820 1646 1.
839 1595 866 1650 3.
885 1593 950 1648 Ber.
969 1590 1062 1646 Rhen.
1082 1597 1106 1646 1.
1125 1595 1153 1650 2.
1173 1595 1198 1648 3.
1218 1591 1370 1646 Malacam·

178 1667 224 1712 ret
242 1675 321 1730 quern
338 1661 377 1714 ad
392 1663 486 1728 finem:
511 1662 582 1718 nilil
604 1671 659 1718 cet.
687 1665 730 1720 ed.
750 1663 852 1736 Spir.“
879 1662 984 1719 Wuttt.
1003 1695 1037 1707 -
1073 1669 1187 1720 eruml
1213 1663 1370 1730 magistrum:

178 1729 393 1802 „relinqueret,
411 1743 569 1800 amoveret,
588 1743 623 1788 ut
641 1733 695 1788 Gr.
715 1733 893 1792 ἐκδύσασθαι
908 1755 979 1802 τινα,
997 1735 1165 1807 repudiare,
1193 1735 1225 1788 in
1240 1735 1332 1806 primis
1347 1731 1371 1784 de

177 1819 225 1854 ma
247 1803 338 1859 istris.
374 1802 502 1876 Sequens
522 1807 666 1860 sententia
686 1816 730 1864 est
748 1826 764 1864 e
783 1808 844 1864 Cic.
864 1825 909 1880 ep.
927 1805 964 1860 ad
981 1807 1040 1861 div.
1061 1812 1087 1874 l,
1101 1809 1127 1864 'l.
1148 1807 1243 1861 extr·“
1260 1807 1320 1860 Em.
1336 1803 1370 1856 cf.

178 1871 213 1927 ln
235 1873 304 1927 .11.
331 1892 359 1928 v.
387 1893 488 1930 exuere
515 1885 544 1930 et
570 1879 693 1947 induere,
725 1897 799 1952 quae
827 1898 843 1936 a
865 1881 1050 1936 vestimentis
1074 1879 1110 1932 ad
1134 1879 1262 1933 animum
1278 1879 1372 1946 eiusque

177 1945 299 1999 affectus
327 1953 358 2002 et
382 1945 644 2024 perturbationem,
673 1951 709 2006 ad
734 1953 917 2018 memoriam,
948 1951 1127 2022 obsequium,
1157 1951 1371 2008 communionem,

178 2017 305 2094 negotia,
322 2019 458 2085 virtutes,
477 2021 550 2073 vitia
568 2029 598 2074 et
609 2023 667 2076 alia
680 2025 909 2090 transferuntur,
928 2029 962 2076 ut
979 2018 1103 2088 ἐκδῦναι,
1121 2021 1297 2086 ἀναδύεσθαι,
1313 2015 1373 2072 till·

177 2105 227 2141 siu.
246 2119 279 2132 -
297 2089 371 2145 satie
388 2090 488 2162 amplia
507 2091 672 2162 doctuilua,
690 2105 725 2150 ut
742 2103 855 2151 senam
873 2095 1069 2166 amplissimae,
1088 2093 1190 2152 Genu.
1216 2088 1372 2150 erlsucht·

620 2246 814 2304 GAPUT
855 2248 964 2305 tht.

259 2349 306 2413 At
326 2347 453 2414 Seneca
474 2352 728 2419 criminantium
749 2377 817 2420 non
837 2357 987 2460 ignarus,
1007 2357 1229 2442 prodentibus
1249 2357 1299 2429 iis,
1319 2352 1384 2438 qui·¹

177 2431 238 2495 bus
260 2434 372 2518 aliqua
392 2435 525 2498 honesti
541 2457 634 2513 curs,
656 2449 691 2503 et
705 2442 967 2507 familiaritatem
984 2445 1056 2506 eius
1075 2446 1185 2530 magis
1206 2441 1384 2526 aspernante}

178 2513 332 2598 Caesare,
355 2525 487 2602 tempus
507 2525 655 2586 sermoni
676 2533 753 2588 orat
779 2536 814 2589 et
834 2535 970 2610 accepto
1002 2528 1051 2589 ita
1072 2528 1210 2609 incipit:
1246 2526 1384 2608 Quartus-j

177 2599 316 2664 decimus
337 2622 440 2666 annus
460 2613 520 2683 ecl,
544 2603 677 2689 Cacsar,
699 2619 741 2672 ea
760 2629 823 2691 quo
844 2613 914 2692 spel
936 2619 1010 2673 tuae
1030 2609 1178 2674 admotus
1198 2628 1279 2682 aun3
1307 2613 1374 2667 octu-

177 2703 247 2764 uus,
268 2694 308 2748 ut
327 2688 489 2768 inperium
510 2687 645 2755 obtines.
682 2693 794 2757 Medio
817 2697 966 2775 temporis
989 2703 1111 2756 tantan
1133 2693 1283 2758 honorata
1302 2698 1375 2770 atqu

43 2825 58 2842 ,
177 2787 269 2848 optem
290 2772 326 2832 ia
344 2790 391 2834 me
413 2771 593 2854 oemulaati,
619 2784 658 2840 at
677 2776 762 2840 nihil
781 2775 938 2856 felicitati
957 2797 1043 2840 meae
1069 2777 1154 2842 desit
1177 2780 1242 2841 nisi
1261 2773 1377 2840 nederu-

180 2855 226 2915 tio
259 2854 338 2919 eius.
397 2852 481 2918 Utar
507 2861 633 2942 magnis
664 2879 705 2922 ex
772 2861 824 2940 lis,
855 2881 914 2924 nec
941 2880 1026 2924 ureae
1053 2860 1212 2943 fortunae
1238 2859 1292 2924 sed
1309 2867 1373 2934 luat·

177 2933 313 3018 Abusus
345 2944 419 2999 tuas
446 2934 620 3020 Augustus
647 2945 695 3008 M.
704 2880 896 3027 Ἕνὶρραε
925 2945 1142 3032 Mytilenense
1169 2953 1323 3020 secretum,
1347 2933 1375 2998 C·

177 3020 361 3084 Maecenati
385 3019 470 3085 Urbe
490 3026 526 3086 in
547 3029 619 3108 ipsa
639 3028 726 3090 velut
743 3033 947 3112 peregrinam
968 3033 1066 3093 otiam
1086 3031 1245 3110 permisit,
1270 3037 1376 3108 quotum

177 3103 263 3166 alter
289 3103 441 3168 bellonam
470 3111 590 3184 socius,
623 3112 719 3174 alter·
735 3111 855 3176 Romae
883 3111 1032 3196 pluribus
1060 3111 1231 3176 laboribus
1260 3113 1376 3174 iactatus

177 3187 282 3268 ampla
303 3189 438 3270 quiden,
478 3191 536 3254 sed
564 3213 627 3274 pro
657 3196 847 3277 ingentibus
867 3199 999 3274 riseritis,
1030 3200 1175 3276 proemia
1203 3193 1375 3282 occeperatf·

177 3269 256 3352 Ego
278 3270 357 3354 quid
377 3272 471 3336 aliud
488 3279 723 3363 munificentiae
744 3280 896 3343 adhibere
914 3283 1010 3361 potui
1030 3298 1123 3361 quom
1145 3279 1266 3356 stridis,
1293 3285 1326 3336 ut
1341 3286 1377 3332 stc

178 3353 331 3435 dixerim,
347 3358 382 3418 in
402 3356 514 3420 umbro
535 3363 671 3424 educata
692 3363 861 3447 siquibus
884 3364 1044 3427 claritudo
1066 3365 1165 3444 venit,
1188 3361 1273 3446 quod
1291 3363 1377 3424 iaattt·

180 3445 232 3500 tae
254 3447 327 3501 tuoe
349 3439 536 3506 rudimentis
558 3445 701 3524 assuisse
722 3447 856 3512 videor!
893 3447 1026 3512 Grande
1053 3445 1150 3511 iuius
1178 3448 1227 3509 rci
1250 3445 1378 3525 pretium:

178 3530 215 3584 ιιι
238 3531 273 3583 tu
292 3527 434 3606 gratiam
455 3527 640 3608 immensam,
662 3535 852 3594 innumeram
870 3537 1035 3612 pecuniam
1053 3529 1298 3606 circumdedisli‚
1317 3522 1379 3616 odeo

177 3605 416 3689 triplarumque
436 3609 525 3672 intro
545 3631 591 3674 me
612 3617 680 3693 ipse
697 3617 833 3678 uoluam:
856 3635 968 3700 egone,
991 3619 1132 3698 equestri
1153 3624 1186 3677 et
1206 3603 1377 3694 prouinciali

174 3690 249 3753 'loco
271 3701 373 3762 ortus,
393 3693 582 3775 proceribus
604 3702 748 3762 ciuitatis
770 3699 981 3762 annumerori
1005 3701 1096 3762 Inter
1107 3697 1231 3762 nobiles
1248 3705 1278 3759 et
1299 3694 1379 3770 longa

178 3774 295 3836 decora
312 3773 535 3855 praeferentes
549 3785 683 3846 ,novitas
704 3803 770 3846 meo
791 3784 932 3847 enituit!
964 3782 1028 3848 Ulli
1049 3792 1097 3845 est
1120 3785 1244 3844 animas
1263 3778 1315 3842 ille
1331 3792 1381 3838 aa

177 3857 262 3921 dicis
281 3856 469 3930 contentus?
493 3859 585 3928 Talis
605 3864 717 3930 hortos
738 3869 879 3931 exstruit
906 3875 938 3930 et
957 3885 1017 3948 per
1044 3865 1123 3929 hoec
1144 3863 1323 3929 suburbano
1341 3860 1380 3917 it·

178 3941 265 4030 cedit
286 3951 317 4005 et
341 3946 444 4006 tontis
465 3963 616 4028 agrorum
637 3955 768 4032 spoliis,
802 3961 864 4014 tarn
886 3951 954 4015 loto
974 3948 1084 4030 feriere
1104 3946 1285 4013 exuberat?
1324 3941 1382 4006 Uul

177 4024 327 4105 defensio
349 4031 505 4103 occurrit,
545 4034 633 4114 quod
657 4034 839 4100 numnius
868 4038 934 4100 tuis
961 4033 1067 4098 obniti
1093 4053 1158 4097 non
1179 4031 1284 4094 delui.

249 4147 275 4198 l·
295 4143 357 4213 ’Μ’
373 4152 667 4223 maranensem,
693 4154 760 4225 tibi,
779 4153 899 4226 imperii
917 4153 1072 4224 aliquando
1091 4151 1206 4216 heredi,
1228 4144 1382 4221 praeceplot

178 4214 270 4281 dms,
289 4225 382 4271 rector
399 4219 598 4290 imperatoriae
615 4228 743 4283 iuventae
762 4229 847 4292 13,1.
863 4233 895 4279 ul
909 4227 1035 4295 pueritia
1053 4231 1101 4278 ttta
1118 4241 1160 4277 rne
1176 4223 1312 4289 magistro
1327 4213 1381 4266 adt·

177 4287 292 4342 lesceret
311 4295 338 4342 et
355 4291 479 4349 consiliis
496 4299 566 4353 nuic
585 4299 630 4352 ad
646 4316 741 4370 spem
757 4297 1014 4353 dominationis
1036 4297 1158 4350 utereris
1177 4297 1223 4362 tt,
1241 4295 1268 4350 8.
1287 4306 1320 4344 ex
1335 4295 1381 4354 qut

178 4357 243 4414 ¹⁰0⁰
260 4367 350 4432 Ptffls
367 4361 399 4417 id
415 4363 527 4428 factum
544 4391 570 4432 a.
590 4372 626 4429 U.
643 4375 705 4431 ιιι.
724 4402 758 4416 -
792 4385 842 4425 nec
857 4385 936 4426 meae
953 4364 1266 4436 summensteten.
1284 4370 1382 4416 omnes·
