2814 4792
175 229 240 300 suo
379 201 388 242 ·'
547 222 796 294 ιιιιιιιιυιι
822 221 906 289 ιιι.
929 221 1025 344 ιιι.

178 395 211 452 in
227 391 287 450 MS.
305 392 378 453 sut.
396 399 428 451 et
444 393 489 450 ed.
510 391 601 466 Spin,
618 400 649 452 et
686 393 695 412 ⁰
831 387 959 448 omisit.“
975 389 1046 446 neu
1064 421 1098 436 -
1128 385 1277 444 mutere
1289 405 1364 458 pron·

174 467 324 540 ptiesinsue
341 466 397 534 fuit
413 465 452 520 A.
474 467 618 535 Vitelliue,
646 468 684 521 ei.
765 467 794 522 4.
819 471 849 520 et
865 463 930 518 ind.
950 463 973 518 1.
994 489 1028 503 -
1063 461 1238 532 retpondenti
1262 463 1299 530 (si
1312 463 1364 534 quis

178 537 385 613 respondebat)
403 537 539 606 reticent,
557 546 592 593 ut
609 555 654 612 ep.
673 539 739 593 hir.
756 539 785 605 ³,
803 539 848 594 41.
868 543 898 592 et
914 538 959 604 23,
978 537 1021 594 12
1040 533 1090 588 nbi
1109 551 1137 592 r.
1156 533 1242 590 Gron.

246 667 273 724 2.
301 663 485 719 Arconneso
507 665 640 734 perficere
658 663 799 718 decretum
821 666 938 716 eenetue
964 675 1021 716 non
1039 657 1106 712 ouri
1122 658 1156 712 de
1172 673 1293 714 oomneu
1308 657 1365 712 scri·

173 729 1365 864 ttt‘s0t‘⁰t{rtt‘¹tiz1t’¹3³„itf‘ttttt‘tsitddutitt*

176 879 273 934 dotum
281 827 328 934 pel
355 879 516 933 absoluendi
539 878 687 933 licentiam
710 875 789 932 MSS.
817 877 896 935 Flor.
922 879 1009 942 (teste
1027 873 1120 936 Pioh.)
1149 872 1217 950 Reg.
1241 872 1270 926 in
1294 890 1365 926 mer.

177 949 277 1006 Gueli.
297 949 359 1007 edd.
380 950 457 1022 Spir.
481 951 545 1004 tut.
567 955 591 1009 l.
610 954 637 1008 2.
662 951 728 1006 Ber·
753 947 802 1014 (ad
819 955 906 1020 quem
924 947 1009 1002 siluit
1025 944 1114 1014 vicu)
1138 943 1227 1002 Rhen.
1245 949 1268 1000 1.
1292 945 1324 999 Be
1359 981 1365 998 .

176 1025 202 1082 2.
223 1021 339 1080 walth.
376 1023 474 1078 dotum
500 1023 589 1076 etium
612 1021 648 1076 αἶ
668 1021 815 1076 licentium
839 1017 917 1074 MSS.
942 1017 1013 1094 Reg.
1033 1017 1119 1074 Gor-b.
1145 1015 1213 1071 liud.
1232 1015 1287 1072 edd·
1303 1013 1366 1072 Pich.

177 1101 208 1150 et
225 1101 281 1150 cet.
301 1102 367 1149 ente
385 1093 476 1148 Bekk.
494 1096 520 1151 2.
556 1093 613 1150 Sed
631 1095 667 1150 ob
684 1097 828 1168 εὐφωνίαν
850 1099 879 1147 et
895 1089 1131 1164 prseterendum.
1168 1089 1232 1143 doto
1256 1094 1280 1142 et
1300 1105 1324 1142 u.
1340 1088 1367 1140 li·

176 1167 272 1220 eentiu
289 1165 368 1222 MSS.
387 1165 468 1220 Harl.
486 1163 568 1222 nott„
597 1166 653 1224 ies.
680 1165 797 1222 omissis
814 1167 940 1220 fortasse
962 1161 1012 1214 vir
1068 1161 1091 1215 's
1118 1179 1137 1216 e
1153 1159 1284 1214 librariis.
1314 1155 1368 1212 tut

175 1239 263 1291 etium
289 1255 316 1292 n.
336 1235 454 1293 licentii
483 1237 545 1292 edd·
569 1237 662 1296 Rhen.
681 1241 707 1296 2
726 1239 753 1295 3.
777 1235 842 1292 Ald.
872 1230 990 1305 Gryph.
1037 1235 1074 1286 ic.
1092 1233 1173 1305 lips·
1207 1229 1276 1300 „ssu
1290 1239 1369 1286 nostru

176 1306 268 1364 lectio
294 1311 392 1381 aptius
417 1312 583 1382 exprimere
606 1311 725 1365 ridetur
740 1308 886 1378 Principis
912 1306 1148 1382 indignationem
1167 1311 1196 1360 et
1219 1304 1370 1370 offensionem

125 1429 133 1440 ,
174 1381 368 1450 manifestam.
407 1381 492 1450 Quin,
520 1381 627 1456 inquit,
655 1382 744 1436 etium
761 1379 888 1446 licentio,
915 1385 1052 1448 potestus,
1072 1395 1140 1432 enm
1187 1375 1275 1430 enitus
1297 1374 1368 1428 eteul-

174 1453 260 1507 uendi
278 1453 360 1509 vobis
378 1453 463 1510 nure
481 1452 560 1508 Pieli.
580 1486 613 1497 -
651 1451 804 1522 offensione
821 1449 984 1518 manifesto,
1003 1452 1042 1503 ef.
1060 1448 1127 1503 Ind.
1187 1466 1231 1503 .v.
1248 1445 1369 1502 Adiectiuu

176 1523 208 1578 in
224 1522 390 1580 sesto'curu
409 1525 535 1584 obsolute
550 1525 658 1595 perita.
678 1559 712 1569 -
739 1523 874 1580 ceteriues
893 1521 924 1575 in
943 1519 1002 1575 MS.
1023 1521 1123 1576 Guelt.
1143 1517 1205 1576 edd.
1222 1517 1281 1577 Ber.
1297 1515 1368 1572 Rhsn

175 1600 201 1652 l.
221 1598 309 1652 ceteri
325 1615 400 1652 uero.
420 1627 454 1638 -
486 1599 585 1668 pluree
608 1614 722 1652 nurnero
741 1597 809 1664 tuti,
837 1597 877 1652 ci.
896 1591 931 1648 ed
954 1595 990 1650 H.
1010 1595 1038 1660 2,
1055 1595 1100 1652 52.
1138 1590 1225 1648 Paulo
1246 1598 1306 1664 post
1324 1591 1370 1658 for·

177 1667 287 1726 midine
304 1669 395 1726 orumi
412 1677 441 1725 et
459 1685 494 1726 ne
512 1669 613 1741 glorio
630 1669 851 1726 intercideretur
874 1665 919 1724 ed.
938 1664 1016 1738 Spin.
1384 1701 1385 1704 ,

662 1839 857 1901 cetur
896 1839 929 1896 1..

258 1968 362 2034 Haud
390 1967 517 2054 dispari
548 1971 691 2034 erimine
715 1971 887 2034 Fabricius
913 1965 1062 2032 Veiento
1093 1969 1298 2034 conflictatus
1326 1971 1371 2036 esis

176 2051 264 2136 quod
284 2055 390 2118 multe
418 2063 453 2116 et
478 2054 644 2137 probrose
671 2056 707 2116 iu
734 2053 852 2117 Patres
883 2060 918 2116 et
943 2049 1134 2119 sacerdotes
1163 2053 1373 2135 composuisset

174 2139 216 2200 iis
238 2137 346 2209 libris,
380 2136 500 2220 quibus
528 2157 650 2200 nomen
672 2135 904 2201 codicillorum
934 2133 1082 2201 dederat.
1126 2137 1306 2200 Adiiciebat
1323 2132 1372 2194 Te·

175 2219 242 2282 lius
265 2217 425 2282 Geminus
447 2231 634 2300 accusator,
671 2219 846 2284 venditata
877 2219 918 2282 ab
948 2239 988 2283 eo
1016 2239 1161 2284 munere
1181 2220 1333 2294 Principis
1349 2223 1374 2277 et

175 2300 468 2388 adipiscendorum
496 2303 665 2366 honorum
692 2305 757 2366 ius.
805 2303 897 2368 Quae
928 2323 1028 2366 ceusu
1049 2302 1184 2368 Neroni
1212 2306 1276 2367 fuit
1293 2301 1374 2366 susci·

175 2383 290 2470 piendi
310 2383 442 2466 iudicii,
465 2389 721 2470 convictumque
735 2386 958 2450 Veientonem
974 2386 1070 2449 ltalia
1087 2385 1222 2472 depulit
1242 2395 1274 2450 et
1291 2386 1375 2448 libros

176 2471 274 2532 exuri
295 2470 403 2548 iussit,
425 2472 628 2554 conquisitos
649 2473 894 2552 lectitatosque,
916 2467 1021 2532 donec
1034 2489 1110 2533 cum
1131 2473 1282 2555 periculo
1299 2487 1375 2554 pere-

175 2551 318 2619 bentur:
349 2573 428 2615 mox
449 2554 585 2616 licentia
607 2553 753 2617 habendi
776 2554 978 2617 oblivionem
1008 2555 1132 2622 attulit,

246 2690 273 2746 1.
302 2649 452 2746 Fuiricius
478 2689 606 2759 Veiento,
636 2699 762 2758 senator,
786 2687 921 2745 adulator
944 2698 974 2745 et
998 2689 1121 2759 delator,
1147 2689 1185 2747 de
1203 2707 1260 2764 quo
1274 2707 1301 2743 r.
1318 2685 1375 2742 Plin.

111 2807 115 2814 ·
174 2761 656 2888 utant¹ttrunf³²
677 2765 1005 2890 ¹³⁸⁶1304’t23103’0t2'233
1029 2757 1377 2890 teneretur

173 2833 309 2957 a:diiunxit
336 2920 392 3030 pro
420 2905 519 2977 equis;
549 2903 628 2974 lips.
649 2853 722 2964 unp
739 2852 858 2976 uegpenn
889 2903 967 2960 MSS.
1001 2905 1083 2962 Flos.
1113 2906 1218 2961 Gueli.
1256 2901 1378 2961 Fodritius

174 2973 303 3044 ueginto·
324 2995 338 3031 e
360 3011 367 3025 ·
393 2974 547 3118 sappus&
567 2978 649 3102 ¹pistori
671 2977 758 3030 multo
781 2975 860 3031 MSS.
887 2975 969 3032 Flor.
1000 2975 1047 3043 (in
1072 2993 1130 3048 quo
1157 2975 1196 3050 qd
1219 2985 1290 3032 teste
1312 2973 1378 3036 Vici.)

174 3043 246 3100 But.
268 3047 402 3102 Guelf.e
442 3085 449 3100 .

174 3117 293 3172 Potrees
313 3119 419 3174 vitiose
436 3117 495 3175 MS.
515 3119 594 3176 Flor.
615 3127 690 3175 teste
708 3119 783 3177 vtct.
805 3119 836 3175 in
852 3127 960 3188 parter.
982 3147 1014 3158 —
1051 3119 1093 3172 iis
1111 3120 1211 3190 lidrie,
1238 3121 1328 3194 quitur
1342 3133 1380 3170 no·

174 3205 237 3243 rnen
256 3190 517 3245 codicillorum
535 3191 666 3246 dederet:
684 3209 752 3246 nem
762 3207 824 3246 mos
837 3193 906 3260 init,
923 3198 956 3244 ut
974 3197 1129 3248 testatores
1147 3195 1181 3248 in
1197 3187 1379 3248 codiciliirrel

175 3263 361 3316 testamentis
377 3263 515 3330 prodroeu
533 3263 565 3316 in
584 3279 643 3328 eos,
663 3280 735 3334 quos
755 3262 893 3328 odissent,
912 3270 1114 3332 componerent.
1134 3284 1164 3319 r.
1184 3263 1380 3332 at1‚u,o.t‚

174 3334 221 3398 ts,
241 3337 267 3389 l.
286 3337 315 3400 6,
334 3337 378 3399 38,
400 3339 424 3390 1.
463 3335 558 3402 „Ques
576 3335 682 3404 probra
702 3341 732 3388 et
750 3335 884 3389 convicia
902 3343 970 3389 ente
987 3335 1152 3422 Aug-ustum
1173 3337 1346 3392 inobservate
1360 3337 1381 3384 et

174 3405 327 3474 permissa,
347 3405 462 3459 seilicet
481 3407 550 3475 quie
569 3406 712 3476 supremis
731 3404 795 3459 illis
814 3405 921 3460 tabulis
940 3414 969 3460 et
985 3422 1052 3460 roci
1070 3407 1163 3462 dende
1177 3409 1324 3464 videbatur
1338 3403 1381 3458 eli·

175 3491 232 3544 quo
250 3474 379 3530 libertas.
417 3476 547 3529 Prenum
567 3475 690 3530 iniicere
710 3485 824 3530 senetur
843 3478 996 3544 voluer-ete
1016 3478 1161 3533 sedidem
1179 3481 1235 3534 ills
1255 3479 1381 3548 Princeps,

175 3545 210 3599 de
228 3544 379 3600 innitendo
397 3551 624 3601 testamentorum
642 3547 759 3600 licentia
784 3554 948 3604 noceretur
967 3550 1112 3621 quicquum
1137 3553 1325 3616 conutitueret
1349 3547 1383 3599 in·

174 3616 315 3684 tereeerit,
343 3617 422 3674 Suet.
450 3617 512 3674 Oct.
533 3635 557 3670 o.
577 3620 622 3675 et.
660 3619 723 3672 Hoc
749 3619 844 3694 igitur
870 3619 952 3674 inore
981 3630 1010 3675 et
1027 3623 1162 3694 exemplo
1181 3619 1383 3678 maledicentur

175 3706 242 3744 suae
261 3705 366 3742 eureus
385 3687 506 3743 Veiento
525 3688 618 3744 libros
636 3707 702 3746 suos
721 3692 876 3763 inscripsit
894 3691 1074 3752 codicilloe.“
1091 3693 1223 3766 Lipsiue.
1254 3693 1299 3749 tie
1316 3687 1385 3747 lilrit

174 3757 235 3814 MS.
255 3759 354 3815 Gueli·
382 3759 426 3818 ed.
446 3757 525 3832 Spir.

245 3885 275 3942 2.
296 3884 396 3940 Tutius
416 3883 565 3942 Geminius
583 3887 732 3955 „Muretus
750 3887 867 3944 volebat
897 3887 927 3944 T.
947 3887 1045 3945 Allius
1067 3891 1155 3963 idque
1183 3907 1246 3948 non
1264 3903 1386 3963 spernen-

174 3951 257 4010 dum*
273 3965 359 4028 putet
380 3957 511 4042 Rpokins
537 3962 692 4030 proterens
716 3977 753 4014 ex
776 3962 864 4016 inser.
893 3970 952 4016 ret.
978 3980 1023 4035 ep.
1052 3963 1083 4017 Pi
1104 3963 1132 4017 h.
1158 3963 1267 4020 Annei.
1292 3961 1325 4016 Τ.
1341 3959 1385 4013 111.

197 4029 287 4086 ,ὅθι
306 4031 338 4085 Q.
357 4029 468 4084 Allium
483 4030 567 4086 Mox.
587 4047 644 4089 coe.
682 4027 739 4086 Sed
758 4031 842 4086 Tulin
860 4033 992 4088 occurrit
1011 4053 1055 4105 ap.
1074 3983 1215 4090 tinnitor.
1257 4027 1386 4100 ·5⁰l‚2“

219 4117 244 4152 n.
282 4099 372 4168 „Quis
391 4101 495 4156 intuli
513 4120 545 4158 re
564 4105 640 4158 certi
658 4104 729 4175 quid
746 4103 955 4159 nffirxnebit?“
977 4105 1081 4162 Woitlt.
1101 4140 1134 4152 -
1169 4053 1327 4162 unitata:
1363 4103 1386 4154 in

175 4169 253 4226 MSS.
272 4170 371 4230 Gneli.
391 4175 419 4238 (e
437 4191 476 4226 ιιι.
496 4173 567 4236 seo.)
583 4174 655 4230 Bud.
674 4176 719 4231 ed.
737 4173 816 4247 Spir.
834 4178 985 4232 vendicato.
1005 4211 1039 4223 -
1075 4177 1208 4234 ltonorenn
1235 4181 1331 4233 omisit
1351 4173 1386 4228 ui

174 4239 254 4326 dpir.
290 4236 374 4328 Dein·
393 4243 493 4300 indicii
516 4243 573 4300 MS.
605 4247 704 4302 Guelf.
734 4256 765 4304 et
793 4249 944 4304 conoicnun
966 4249 1011 4306 ed.
1037 4245 1115 4323 Spin.
1135 4281 1167 4295 —
1204 4251 1294 4306 libros
1320 4241 1386 4304 eniri

174 4321 258 4370 neni
275 4322 454 4388 coequentur,
480 4335 510 4374 r.
528 4317 565 4374 ed
581 4319 610 4385 i,
627 4319 673 4386 ³5,
690 4323 717 4378 2.

601 3047 647 3105 eh.
667 3067 738 3120 sqq„
766 3049 815 3118 pui
831 3047 920 3101 multu
948 3045 1008 3103 edd.
1029 3056 1083 3101 cet.
1109 3058 1180 3105 ente
1198 3049 1280 3104 Pich.
1299 3075 1327 3086 -
1355 3043 1379 3096 it
