2854 4788
50 301 51 306 ἵ
144 212 148 222 ’
215 225 360 294 CAPUT
380 227 523 296 LXVII.
543 228 702 299 LXVIII.
731 231 784 313 (Δ.
796 230 835 299 11.
850 233 921 312 818.
950 232 990 298 A.
1004 231 1040 300 0.
1061 233 1129 315 65.)
1222 235 1286 306 lot

60 393 153 450 illane
168 393 314 450 Antonini
341 393 506 453 camon·
529 405 637 455 vocem'
648 415 694 470 ap.
713 399 857 471 Spartian-
881 415 907 454 c.
925 400 952 456 I.
976 415 1068 483 quum
1087 399 1184 456 securi
1201 399 1286 474 Papi-

61 469 171 522 nianus
190 468 303 523 cociam
318 477 408 524 essetr
434 468 581 538 gladiale
599 470 714 540 essens*
730 472 857 542 oportuit
874 485 960 532 areum
976 485 1092 524 sumum.
1126 472 1287 550 Eleganter

61 539 229 610 Xenophon
246 538 282 594 de
301 538 374 610 Gyri
392 540 493 611 exped-
511 543 540 606 2,
558 543 586 597 6.
623 542 764 616 Κλέαρχος
786 546 833 596 καὶ
857 543 886 596 oi
904 543 979 606 ἄλλοι
996 557 1029 596 or
1115 545 1143 596 ol
1159 547 1286 614 ancepsq-
1320 593 1321 598 ,

58 611 159 672 θέντες
173 610 224 671 τὰς
241 607 371 682 κεφαλὰς,
390 611 477 684 iosap
495 607 633 673 κάλλιστος
649 615 779 668 θανάτων
795 611 886 668 ἐδόκει
903 611 1005 668 alsea“
1042 613 1097 682 ips.
1116 615 1241 690 Vigents
1252 631 1285 670 re
1368 623 1371 632 ’

60 683 183 754 publica
205 685 305 738 securi
328 683 361 736 in
387 698 454 738 reos
476 685 718 754 animadremm,
746 686 797 741 sub
815 685 998 756 Principibus
1016 684 1125 762 gladio,
1155 685 1286 755 artisque
1356 684 1373 708 '¹

60 754 159 820 fuisse
177 753 252 808 (licit
268 755 402 810 bucanus
419 758 447 821 8,
465 759 530 812 673.
564 763 649 825 eaput
675 773 739 812 erue
763 763 861 811 rotare
883 756 914 810 ls.
935 774 960 813 e.
983 761 1079 810 rotato
1096 775 1167 812 ense
1184 774 1286 829 ampu-

60 833 144 894 tare;
163 826 247 881 Brot.
267 855 299 868 -
327 825 512 897 sesquiplaga
529 825 714 896 interfectum,
733 829 795 884 ictu
813 843 872 882 uno
892 835 922 882 et
939 826 1071 882 dimidia.
1095 827 1144 883 Sic
1160 845 1207 883 ses
1225 828 1284 896 us'o·

58 913 115 964 pue
141 913 187 968 ap.
212 895 305 951 Plaut.
332 897 414 969 capt.
439 895 700 966 n5,oo.;1all.
738 899 908 976 „Caligulae
952 901 1118 970 raecoptum
1136 917 1181 972 ap·
1201 848 1284 956 Suet.

60 984 87 1024 c.
107 969 155 1024 ao.
175 968 221 1023 a'ta
237 968 304 1036 tesi,
327 975 361 1022 al
383 970 459 1026 nori
482 971 669 1040 assentiat!
692 969 774 1042 Llps.
811 918 999 1043 aequabis
1024 969 1081 1028 MS.
1107 971 1207 1030 Guali.
1235 985 1285 1026 ees

60 1038 221 1112 puiplago
241 1040 287 1096 ed.
305 1037 386 1113 Spir.
613 1103 618 1114 ¹

474 1164 669 1222 CAPUT
703 1167 876 1226 LXVIII.

147 1272 343 1337 Proximum
364 1276 569 1338 constantiae
596 1275 785 1359 exemplum
806 1274 974 1358 Sulpicius
995 1272 1104 1358 Asper
1129 1275 1284 1340 centurio
1320 1321 1326 1334 .

60 1355 222 1499 praebuit
241 1359 455 1440 percontanti
464 1357 606 1439 Neroni,
629 1377 688 1422 cur
706 1362 741 1423 s'n
762 1359 885 1422 caedem
905 1377 992 1422 mam
1014 1357 1285 1440 conspiravisset!
1347 1371 1379 1388 ‘⁸

84 1439 439 1524 reviterrespondens,
460 1444 693 1506 annaliterlol
711 1444 934 1526 flagitiiseius
954 1441 1118 1506 subueniri
1129 1445 1284 1524 potuisse.
1314 1475 1317 1480 ·

61 1521 153 1584 Tum
173 1523 297 1587 iussam
319 1544 461 1607 poenam
481 1525 597 1592 subiit.
639 1526 713 1592 Nee
733 1527 839 1590 ceteri
861 1527 1075 1590 centuriones
1102 1527 1139 1588 in
1166 1545 1285 1610 perpe-

60 1603 189 1672 tiendis
208 1609 381 1691 suppliciis
410 1607 666 1697 degeneravere.
708 1609 755 1672 At
785 1629 854 1673 non
874 1609 976 1672 Fenio
1002 1608 1090 1670 Rufo
1117 1629 1182 1694 per
1210 1609 1285 1671 ani-

60 1705 151 1768 mus,
182 1689 242 1752 sed
273 1693 525 1757 lamentationes
557 1713 633 1756 suas
665 1695 765 1756 etiam
796 1693 832 1755 in
862 1700 1098 1756 testamentum
1130 1691 1284 1754 contulit.

61 1771 314 1856 Opperiebatur
336 1773 442 1854 Nero,
463 1784 502 1838 ut
522 1775 684 1839 Vestinus
705 1795 834 1858 quoque
856 1777 971 1838 consul
1003 1776 1039 1836 in
1059 1772 1187 1836 crimen
1214 1781 1284 1835 tra·

59 1855 214 1936 berctus,
235 1855 422 1920 violentum
443 1865 478 1922 et
497 1861 663 1922 infensum
684 1868 797 1922 retus:
830 1855 888 1922 sed
909 1878 949 1920 ex
970 1859 1154 1922 coniuratis
1176 1857 1285 1918 consi·

59 1938 106 2000 lia
128 1957 207 2002 cum
217 1939 358 2003 Vestino
380 1960 448 2004 non
468 1944 674 2005 miscuerant
695 1942 831 2024 quidam
851 1944 993 2006 vetustis
1015 1943 1051 2004 in
1073 1961 1149 2004 eum
1170 1939 1285 2002 simul-

59 2022 201 2100 tatibus,
231 2023 357 2106 plures,
391 2025 469 2106 quia
507 2027 728 2109 praecipitem
755 2033 789 2090 et
828 2025 1057 2090 insociabilem
1094 2022 1283 2088 credebant.
1349 2049 1362 2071 κ

60 2104 221 2169 Ceterum
242 2106 390 2170 Neronis
417 2107 531 2170 odium
559 2106 719 2172 adversus
740 2109 921 2172 Vestinum
949 2129 989 2170 ex
1014 2108 1135 2170 intima
1161 2104 1284 2170 sodali-

60 2195 131 2251 tate
153 2198 327 2271 coeperat,
363 2189 444 2253 dum
477 2191 534 2254 hie
559 2193 728 2279 ignaviam
753 2193 924 2276 Principis
952 2192 1086 2275 penitus
1117 2192 1285 2278 cognitam

60 2269 215 2356 despicit,
236 2273 296 2335 ille
317 2277 478 2337 ferociam
499 2276 600 2339 amici
619 2277 740 2339 metuit
767 2295 865 2360 saepe
893 2277 1019 2358 asperis
1047 2275 1177 2338 facetiis
1205 2272 1285 2334 illu·

58 2375 127 2434 sus,
150 2373 244 2438 quae,
272 2357 332 2420 ubi
353 2357 561 2442 multumkex
581 2377 665 2421 vere
693 2369 839 2432 traxere,
865 2378 978 2421 acrem
1008 2359 1061 2420 sui
1088 2357 1286 2420 memoriam

61 2440 270 2520 relinquunt.
312 2440 508 2504 Accesserat
533 2461 654 2524 repens
682 2461 793 2519 causa,
826 2441 914 2525 quod
934 2441 1096 2504 Vestinus
1118 2439 1285 2504 Statiliam

59 2519 277 2584 Messalinam
298 2524 513 2586 matrimonio
531 2525 598 2590 *sibi
622 2510 778 2590 iubxerat
797 2521 887 2588 haud
908 2524 1053 2603 nescius,
1079 2525 1171 2586 inter
1191 2521 1285 2585 adul-

58 2612 151 2668 teros
173 2605 247 2668 cius
269 2611 303 2666 et
324 2603 501 2669 Gaesarem
522 2625 604 2670 esse.

129 2745 156 2798 1.
180 2741 318 2812 sulpicius
339 2741 433 2813 Asper
458 2741 593 2809 centuria,
630 2743 666 2799 (le
684 2759 742 2816 qsro
764 2761 793 2798 v.
812 2758 873 2816 cap·
892 2744 937 2801 to.
956 2749 986 2798 et
1003 2743 1056 2800 aa.
1069 2771 1102 2785 -
1139 2735 1285 2809 conspira-
1324 2777 1329 2794 .

58 2812 214 2870 assessis
233 2814 278 2870 etl.
298 2812 317 2868 S
340 2815 378 2869 ir.
396 2813 595 2884 conspirasset.
614 2845 649 2858 -
685 2831 739 2870 non
756 2816 845 2870 als'ler
863 2821 903 2870 tol
921 2813 1044 2884 flagitiis
1062 2811 1125 2866 ee'us
1141 2809 1284 2867 moenia·

57 2887 197 2955 meana,
228 2903 291 2962 rem
329 2888 390 2940 'um
413 2887 553 2942 miamiae
578 2895 609 2942 et
636 2885 797 2942 effectuum
824 2886 934 2944 afferri.
970 2885 1106 2953 „Scelere
1133 2889 1284 2938 connecto
1395 2913 1399 2920 .

59 2959 111 3029 qui
129 2957 282 3030 puniatur,
306 2975 374 3012 eum
400 2975 460 3012 non
479 2957 555 3012 malo
574 2959 709 3029 quodam,
734 2958 784 3014 sed
802 2973 915 3014 summo
933 2956 1074 3012 beneficio
1091 2953 1182 3020 affici,
1211 2954 1284 3008 scite

59 3031 226 3102 expositum
248 3028 402 3084 aPlatone
429 3030 461 3082 iu
480 3029 601 3108 Gorgia.
637 3029 683 3084 Ad
705 3031 824 3085 eandem
848 3029 1063 3102 persuasIonem
1087 3043 1121 3080 ac
1143 3024 1284 3079 benevola

58 3101 200 3156 irrisione
218 3100 272 3155 illa
290 3119 307 3156 a
325 3101 458 3172 Sulpicio
476 3101 564 3158 diem.
602 3099 771 3157 Sententiae
797 3118 919 3157 acumen
938 3101 1031 3176 magis
1049 3098 1145 3154 elucet
1163 3113 1199 3150 ex
1218 3113 1284 3150 ver·

59 3170 100 3228 bis
119 3171 235 3243 Xipbil.
254 3175 299 3238 62,
317 3175 364 3230 24.
401 3173 445 3230 ὅτι
462 3174 548 3234 ἄλλως
573 3189 620 3227 σοι
644 3175 785 3244 βοηθῆσαι
811 3174 862 3229 οὐκ
884 3167 1040 3240 ἠδυνάμην,
1065 3177 1095 3224 et
1114 3167 1192 3222 Suet
1211 3167 1282 3223 Ner.

59 3259 82 3296 c.
100 3247 149 3301 ae.
186 3259 268 3312 mem
285 3245 401 3315 quidam
417 3244 525 3298 crimen
546 3245 625 3298 ultro
643 3247 812 3312 fatuantur,
840 3243 971 3298 nonnulli
995 3243 1082 3296 etiam
1106 3239 1283 3320 imputarent,

59 3321 196 3386 tanquam
213 3316 300 3369 aliter
325 3317 375 3370 a'lls'
399 3333 454 3372 nan
470 3324 585 3386 porcean
601 3316 662 3371 nies'
678 3322 768 3370 morte
785 3331 953 3371 succurrere
977 3314 1140 3368 dedecorata
1157 3310 1285 3378 {legalem

59 3387 220 3448 amattau.“
239 3387 345 3442 Its'lter·
373 3387 419 3443 Of.
444 3389 509 3444 loca
527 3388 639 3444 sianilia
662 3389 696 3441 ab
714 3387 782 3442 aliis
800 3390 859 3442 mm
878 3385 993 3440 laudata
1009 3383 1076 3439 Tac.
1095 3383 1172 3436 Ann.
1192 3384 1219 3447 o,
1237 3384 1282 3438 49.

58 3459 467 3588 naturale:
485 3450 1283 3598 u⁵⁶⁶uz

57 3603 183 3671 primum
200 3566 404 3670 ’salutauerat
433 3603 596 3660 Phalaridis
623 3605 655 3658 in
681 3603 824 3674 epistolis.
861 3601 999 3668 Σώματος
1022 3597 1179 3672 dancaster
1201 3601 1285 3680 ospu3

58 3675 136 3730 nausa
153 3675 249 3744 rim,
266 3681 359 3747 ψυχῆς
375 3675 408 3729 δὲ
425 3675 512 3731 νόσον
530 3675 624 3748 ἰατρὸς
645 3674 722 3730 ἰᾶται
737 3675 868 3739 θάνατος,
895 3671 955 3730 cia.
974 3673 1057 3726 Verr.
1085 3667 1132 3724 etei
1150 3669 1284 3724 dammas

59 3745 184 3815 aspecit,
211 3745 278 3800 San.
304 3763 350 3819 ep.
376 3749 420 3804 77.
456 3747 755 3818 quibue=succursuro
772 3761 850 3800 mors
868 3748 920 3800 est.
957 3741 1108 3798 Sententia
1126 3740 1285 3794 animosior

59 3817 192 3888 quamsi
210 3820 365 3890 scrIpserIs
383 3819 519 3882 ebonss’rs',
549 3817 579 3876 b.
599 3836 623 3874 e.
643 3819 742 3874 resisti
766 3825 796 3872 et
814 3817 929 3871 obviam
947 3815 997 3881 iri,
1022 3813 1099 3884 quaa
1116 3811 1212 3866 voluit
1229 3811 1283 3866 I'a·

59 3887 124 3955 bers
148 3887 227 3958 lass.
264 3889 406 3946 mbeensm'
428 3890 557 3962 potuisse
582 3887 662 3947 MSS.
681 3888 763 3944 Flor.
784 3889 871 3956 (teste
888 3885 983 3953 Picb.)
1006 3885 1078 3962 neg.
1103 3883 1186 3970 liarl.
1210 3881 1282 3970 Sosi:

61 3959 161 4016 Guelt.
181 3959 247 4015 aaa.
272 3963 335 4017 rus
357 3969 382 4020 l.
400 3965 428 4020 2
454 3961 528 4018 Ber.
549 3959 599 4028 (ad
618 3979 704 4032 quam
722 3961 807 4016 siluit
824 3959 914 4026 Vict.)
932 3957 1023 4012 Iiben.
1043 3962 1069 4011 l.
1089 3953 1170 4008 Prcb.
1189 3954 1283 4038 lapsis

60 4033 237 4103 postmiores
264 4041 295 4088 et
321 4051 385 4105 sq.
423 4032 720 4102 mmMre'pmiue
743 4031 801 4086 MS.
825 4031 880 4090 Ies.
906 4037 936 4084 et
959 4027 1008 4091 erla
1026 4025 1104 4098 Spir.
1140 4027 1281 4080 mmmm

60 4119 141 4173 passe
164 4103 223 4160 ltlS.
247 4105 318 4162 Eud.
378 4105 405 4159 d.
430 4106 524 4162 Rhea.
542 4108 569 4162 2.
588 4109 616 4163 ³.
643 4103 711 4160 Ala.
733 4103 829 4174 Lipsii
853 4102 979 4174 priores.
999 4131 1033 4143 -
1070 4099 1281 4168 degeneravere,

62 4193 91 4229 ss
108 4175 268 4252 degeneres
286 4183 316 4231 et
334 4177 455 4232 timidos
472 4177 642 4242 somniares
659 4177 731 4230 Era.
768 4174 881 4230 Vitiosa
898 4175 1072 4239 denegares«
1090 4169 1153 4226 edd.
1172 4171 1236 4224 Put.
1256 4175 1279 4226 l.

60 4247 370 4306 t-Riv.ller.1ilaen.
390 4253 417 4306 1.
437 4279 471 4292 -
506 4248 594 4304 Fene‘o
611 4248 695 4318 Βνίο,
713 4249 750 4304 te
767 4261 826 4320 quc
843 4263 871 4301 v.
891 4261 953 4316 cap·
972 4244 1018 4302 50.
1036 4241 1080 4301 58.
1100 4243 1190 4301 66·-
1218 4257 1281 4298 coa·

62 4318 142 4374 talla
161 4320 195 4376 in
211 4318 269 4378 MS.
289 4319 388 4378 oum.
407 4319 545 4379 malain
