2814 4792
193 201 356 297 'curor
375 230 501 302 evm.
522 231 612 300 nus
637 229 691 312 (s.
712 229 752 299 u.
773 229 844 300 ers.
866 233 907 298 s.
929 229 965 297 o.
987 231 1054 312 oe.)
1142 210 1145 216 ’
1179 233 1244 302 sss
1290 259 1298 267 ·

356 419 360 434 ¹
469 398 663 457 GAPU'P
706 399 797 456 ΗΧ.

94 505 173 572 ·Sed
193 506 348 570 Plautum
369 525 407 569 ee
428 525 495 569 non
517 525 674 587 movere,¹
687 509 758 571 sive
780 507 904 572 nullam
925 527 1023 592 opem
1043 505 1242 592 providebat

39 594 166 655 inermis
188 602 286 674 atque
307 591 410 668 exsui,
431 610 491 653 seu
507 590 621 654 taedio
632 590 806 677 ambiguae
827 593 908 675 spei,
930 611 973 654 an
993 611 1107 654 amore
1128 593 1242 653 eoniu-

40 679 80 763 gis
99 683 134 738 et
154 673 353 752 liberorum,
385 674 505 756 quibus
527 673 776 756 placabiliorem
800 676 873 737 fore
894 675 1082 758 Principem
1103 675 1242 736 rebatur

39 759 121 820 nulla
143 757 372 820 sollicitudine
391 757 575 819 turbatum.
618 754 705 818 Sunt
731 759 787 840 qui
808 757 891 820 alios
913 778 934 820 a
962 777 1078 821 socero
1104 759 1241 820 nuntios

38 845 157 904 senisse
178 843 300 918 terant,
322 848 479 922 tauquam
498 839 582 900 nihil
604 847 701 902 atrox
721 842 921 921 immineret,
945 841 1163 924 doctoresque
1189 858 1240 902 sa-

38 927 182 1006 pientiae,
204 921 391 986 Coeranum
412 921 544 1002 Graeci,
573 921 768 986 Musonium
789 923 891 987 Tusci
915 927 1060 1010 generis,
1091 929 1241 986 constan-

38 1011 107 1070 tiam
138 1004 361 1090 opperiendae
389 1007 507 1067 mortis
562 1022 602 1066 ro
628 1007 758 1069 incerta
786 1014 820 1070 et
840 1007 972 1090 trepida
993 1010 1064 1070 rita
1089 1007 1239 1070 suasisse.
1271 1043 1273 1048 ·

37 1089 192 1170 Repertus
213 1098 266 1151 est
281 1097 373 1150 certe
394 1108 456 1170 per
475 1025 622 1151 medium
638 1087 706 1152 diei
728 1089 836 1157 nudus
859 1089 1072 1156 exercitando
1093 1089 1240 1169 corpori.

37 1173 142 1235 Talem
164 1191 241 1234 eum
263 1172 417 1234 centurio
437 1171 621 1236 trucidavit
641 1192 755 1236 coram
775 1173 852 1236 Pela
876 1194 940 1237 one
960 1173 1116 1257 spadone,
1144 1190 1241 1254 quem

36 1255 121 1319 Nero
143 1255 335 1318 centurioni
356 1261 390 1318 et
410 1255 579 1336 manipulo
601 1258 695 1337 quasi
717 1195 919 1318 satellitidus
940 1259 1131 1318 ministrum
1152 1255 1242 1340 regi-

35 1359 82 1400 um
112 1346 363 1422 praeposuerat.
415 1335 525 1419 Caput
555 1338 725 1400 interiecti
759 1339 919 1413 relatum
961 1343 1056 1401 cuius
1091 1345 1241 1420 aspectu,
1280 1379 1285 1389 ·

36 1421 112 1502 (ipsa
134 1423 192 1484 Pri
217 1422 301 1502 cipis
322 1418 424 1483 verba
437 1421 597 1492 referem)
620 1423 716 1498 Quin,
737 1421 856 1502 iuquit,
872 1423 971 1498 Nero,
993 1422 1139 1500 deposito
1160 1427 1243 1481 metu

33 1507 155 1584 septies
182 1441 351 1583 Poppaeae
379 1501 420 1564 ob
451 1503 603 1566 eiusmodi
635 1513 774 1577 terrores
801 1503 922 1568 dilutos
954 1513 1114 1566 maturare
1142 1519 1243 1582 puros

35 1587 253 1670 cessumque
274 1589 437 1666 coniugem
458 1586 596 1665 emoliri,
624 1589 765 1670 quemme
784 1587 922 1650 modeste
941 1596 1035 1670 ogni,
1062 1595 1093 1648 et
1120 1588 1243 1646 nomine

31 1674 129 1750 putris
149 1679 183 1731 et
204 1669 322 1734 studiis
339 1668 452 1748 populi
478 1673 623 1752 grauem!
665 1669 732 1732 Sed
758 1670 799 1732 ad
827 1679 978 1734 senatum
1006 1671 1122 1732 literas
1151 1669 1243 1730 misit

34 1751 68 1814 de
87 1752 188 1816 caede
208 1752 319 1816 Sullae
341 1752 514 1832 Plautique
535 1751 625 1815 haud
645 1755 826 1830 confessus,
856 1771 975 1816 verum
995 1755 1170 1834 utriusque
1191 1752 1242 1810 iu·

33 1839 159 1922 genium
181 1835 354 1897 turbidum
367 1853 449 1912 esse,
472 1843 505 1898 et
516 1837 581 1898 sibi
593 1837 858 1899 incolumitatem
880 1838 931 1898 rei
952 1836 1105 1920 publicae
1123 1851 1243 1918 magna

33 1937 105 1981 cura
131 1919 263 1985 haberi.
304 1918 470 1980 Decretae
497 1937 536 1979 eo
564 1921 698 1982 nomine
727 1919 995 2000 supplicationes,
1022 1925 1125 1999 utque
1150 1915 1243 1977 Sulla

31 2003 208 2148 mmm
224 2009 342 2065 senatu
362 2010 592 2079 moverentur,
613 2003 828 2091 gravioribus
844 2009 955 2065 tamea
975 1999 1130 2066 ludibriis
1145 2017 1243 2082 quam

93 2191 118 2241 1.
139 2183 201 2239 ss'oe
217 2185 326 2239 nullam
342 2201 421 2254 opem
437 2185 614 2255 providebat,
631 2203 660 2242 r.
679 2185 715 2242 sd
732 2191 777 2253 11,
795 2190 822 2253 ⁷,
841 2191 869 2242 1.
887 2219 921 2232 -
957 2202 996 2240 uu
1022 2200 1119 2239 ornere
1144 2181 1243 2236 eoniu-

29 2254 73 2324 gs's
87 2273 144 2328 pro
163 2257 233 2322 sios,
253 2262 302 2310 aul
319 2271 368 2313 am.
394 2257 543 2326 coniugis.-
572 2277 637 2312 nam
662 2275 700 2314 un
718 2258 747 2313 b.
768 2259 790 2311 l.
816 2273 876 2312 uon
892 2258 1069 2312 disiunctirs
1087 2261 1132 2310 est
1148 2255 1244 2325 parti·

32 2327 98 2392 culs,
110 2329 162 2382 sed
173 2327 363 2382 dubitationis
375 2336 452 2392 note,
463 2337 497 2380 ut
509 2333 553 2394 11,
564 2332 600 2386 26
609 2347 656 2400 pr.
667 2340 696 2386 et
704 2334 748 2396 lt,
759 2333 794 2387 m
804 2339 878 2386 extr.
888 2329 935 2385 Gt.
945 2327 980 2383 ad
989 2331 1016 2396 6,
1026 2331 1053 2394 P,
1065 2332 1089 2383 1.
1104 2330 1148 2392 ld,
1161 2327 1205 2390 59,
1218 2330 1242 2380 1.

32 2405 57 2450 et
65 2397 159 2452 Buble
168 2397 243 2455 obss.
255 2401 325 2456 erit.¹
336 2399 371 2453 de
382 2397 479 2452 Taciti
489 2400 559 2454 stilo
570 2401 782 2462 Brunsv.181'l.
794 2421 823 2473 p.
834 2404 879 2459 57.
887 2431 920 2444 -
936 2401 1118 2469 doctoresque
1130 2397 1243 2465 supien-

31 2467 315 2597 tlt’tl'llttlt
328 2466 453 2599 itit}
467 2470 895 2598 lf.¹”‘¹·i¹.·.i..⁵.“.t⁶‘.i⁶t.;·
908 2467 1242 2597 .l⁰‘ttt.tt·ltt

33 2559 181 2666 tuendum
207 2577 252 2666 ed:
269 2611 362 2666 Rhen.
382 2578 426 2668 L·
444 2561 614 2678 „coeddam
639 2613 716 2667 mihi
740 2579 913 2684 irrepertus,
944 2561 1003 2666 utilsi
1027 2610 1106 2684 quod
1125 2611 1244 2686 Plinius

32 2681 118 2738 indice
138 2683 211 2736 libri
228 2684 266 2738 11.
286 2683 366 2737 inter
383 2693 527 2747 suctores,
546 2701 617 2754 quos
636 2685 786 2748 delibavit,
805 2691 939 2739 recenset
955 2684 1114 2738 cumanum
1136 2681 1193 2746 (its
1211 2682 1243 2734 in

31 2753 103 2809 uss.
121 2755 197 2829 Reg.
216 2758 242 2811 1.
262 2757 286 2811 2.
307 2762 337 2808 et
355 2754 436 2808 Golb.
456 2755 498 2821 2.)
515 2755 564 2810 vel
582 2756 731 2812 cerasum.
769 2756 805 2810 lu
829 2754 895 2811 Seu.
916 2771 963 2824 ep.
982 2756 1026 2811 te.
1052 2751 1136 2807 velds
1164 2751 1243 2806 celo-

31 2823 124 2879 brstur
142 2823 232 2878 buius
250 2826 315 2879 aeri
335 2825 528 2897 philosophus
548 2825 697 2882 Olus-anuli.
735 2827 814 2880 Num
833 2826 875 2879 ibi
893 2825 978 2880 scrib.
998 2817 1163 2879 Goncnusl
1193 2829 1245 2876 aut

30 2900 123 3022 {ff
143 2898 176 2950 in
195 2895 481 3022 Pamtodcturcnm?
504 2898 622 3034 ligotppr
647 2907 691 3023 pist
703 2897 914 3027 §.opulentas
928 2897 1035 3025 {inutiliss-
1050 2893 1244 3021 Vulsingisliln

98 2984 477 3035 rranaus‚eov.
610 2984 1241 3036 ..,.,..m.ep.‚.

28 3035 196 3109 Superrixit
212 3038 249 3094 ed
265 2987 425 3108 imperffilm
443 3041 622 3110 Vespasiani,
653 3049 688 3096 ut
706 3043 770 3095 iura
795 3042 896 3111 culpes
914 3039 1032 3094 Suidam
1051 3039 1243 3091 interfectum

29 3126 89 3164 eum
106 3128 124 3164 a
140 3112 257 3165 Nerone
274 3110 318 3165 bis
336 3109 532 3164 affirmantem
556 3113 587 3168 in
610 3129 683 3167 vocs
700 3112 856 3174 Μουσόνιος
883 3120 914 3166 et
936 3113 1101 3180 Κορνοῦτος.
1139 3107 1243 3160 illelius

29 3182 180 3253 veriusque
197 3179 335 3234 Philostr.
356 3183 383 3248 ⁷,
403 3183 445 3238 16.
466 3182 517 3252 qui
535 3185 696 3238 Musonium
715 3181 903 3254 Tyrrhenum
927 3183 960 3235 in
978 3183 1098 3253 Gyreon
1115 3178 1243 3232 insulam

27 3255 189 3320 proiectum
207 3271 224 3308 a
241 3252 359 3306 Nerone
378 3255 516 3324 scripsit:
543 3252 620 3309 uude
637 3255 737 3320 rediit,
762 3271 852 3324 quum
871 3253 924 3308 ille
942 3251 1089 3307 obiisset.“
1116 3249 1242 3318 Lipsius.

28 3323 193 3387 „Musonius
210 3331 284 3378 teste
302 3321 391 3377 Suids
407 3327 574 3396 preelectus
592 3334 654 3380 ersi
672 3323 910 3392 munitionibus3‘
950 3325 1007 3378 uod
1030 3341 1135 3376 munus
1155 3320 1244 3375 simul

28 3409 89 3448 cum
107 3397 230 3450 civitate
251 3394 396 3466 recepisse
421 3413 486 3449 eum
505 3414 522 3449 s
539 3397 715 3467 Vespasiano
739 3395 914 3451 ludaeorum
967 3394 1067 3448 almnd
1093 3393 1187 3456 docet,
1211 3393 1243 3446 in

28 3482 79 3532 quo
95 3475 229 3520 aratrum
247 3465 461 3536 Hierosolymis
480 3467 656 3536 impressum
671 3468 817 3526 scribitur
834 3486 852 3522 a
872 3467 986 3520 Turono
1003 3467 1088 3533 Ruso,
1111 3464 1157 3516 uti
1176 3462 1244 3517 Sca-

27 3535 100 3620 liger
117 3537 156 3591 ad
172 3537 331 3592 Eusebium
350 3534 444 3592 ducet.
481 3537 614 3598 Eundem
632 3547 731 3594 tamen
749 3540 781 3594 in
800 3553 834 3594 eo
851 3541 933 3615 fugit
950 3538 1036 3601 ratio,
1055 3534 1132 3606 quod
1148 3536 1244 3590 Muso-

27 3623 103 3661 nrum
122 3609 232 3662 liutem
250 3609 393 3678 equestris
412 3607 523 3663 ordinis
541 3609 672 3676 Stoicum
690 3609 781 3664 alium
801 3611 965 3681 suspicetur
982 3626 1000 3661 a
1017 3606 1147 3660 Musonio
1165 3605 1243 3659 liufo

26 3675 179 3746 Tyrrheno
195 3679 392 3734 munitionum
409 3683 557 3765 praefecto
579 3681 612 3734 in
631 3681 767 3736 exsilium
790 3682 885 3751 pulso,
910 3681 979 3750 quie
996 3679 1112 3733 Stoicus
1135 3677 1168 3730 in
1193 3693 1243 3729 ex·

27 3747 123 3804 silium
142 3749 221 3804 haud
257 3750 350 3803 ulsus.
385 3749 556 3821 xiphilinus
575 3753 654 3808 enlm
672 3761 702 3808 ct
719 3754 845 3806 Zonaras
863 3758 972 3828 negant
987 3749 1107 3821 quidem
1123 3747 1243 3819 pulsum

26 3817 98 3874 bunc
116 3838 186 3876 cum
204 3769 327 3891 reliquis
345 3819 530 3893 philosophis
549 3821 602 3878 sub
619 3824 809 3894 Vespasiano:
839 3823 889 3876 sed
912 3821 1057 3876 indemon
1077 3819 1209 3889 sequitur
1226 3835 1243 3870 a

29 3889 139 3947 Nerone
165 3893 279 3964 pariter
307 3901 471 3964 exceptum.
515 3893 610 3948 Immo
638 3912 674 3948 ex
700 3893 802 3948 Tacito
825 3900 856 3947 et
877 3893 1001 3963 epistola
1026 3891 1135 3946 Iuliani
1166 3885 1244 3960 apud

27 3957 141 4016 Suidm
160 3982 188 4017 v.
207 3961 365 4026 Movoo‘seoe
382 3963 462 4020 clare
480 3973 593 4020 constet
620 3965 744 4020 eundem
764 3966 839 4026 'essu
868 3965 914 4017 uti
939 3971 1042 4018 contra
1059 3961 1135 4016 soal·
1159 3976 1242 4044 mum

27 4035 136 4087 notavit
154 4032 219 4090 Ich.
239 4034 352 4088 lonsius
376 4035 410 4090 de
434 4037 534 4108 script
561 4033 631 4093 bist.
656 4035 763 4106 philos.
782 4034 838 4100 111,
857 4034 903 4090 7.“
938 4033 1034 4104 llyck.
1058 4033 1105 4088 Gi.
1127 3979 1241 4102 {plut

26 4103 67 4170 et,
83 4107 133 4160 ²7.
153 4104 291 4160 Philostr.
313 4104 365 4160 vit.
384 4105 480 4176 Apoll.
498 4109 529 4174 4,
547 4109 590 4163 12.
609 4109 655 4164 ³⁵.
674 4109 717 4162 46.
749 4104 864 4162 Stobssi
892 4123 977 4161 serm.
1005 4105 1093 4159 xvtl.
1113 4103 1241 4188 (Eclug.
1288 4163 1293 4174 ι

26 4175 110 4242 Η)
129 4193 160 4248 p·
181 4179 239 4233 llil).
259 4175 304 4230 ed.
323 4175 397 4232 Gen.
416 4178 466 4232 vel
483 4177 516 4232 Τ.
536 4179 575 4231 11.
594 4195 624 4248 p.
642 4179 696 4235 sue
714 4195 727 4230 s
748 4194 777 4246 q.
796 4177 840 4232 ed.
858 4175 983 4231 liceren-
1021 4175 1147 4236 Nomina
1174 4172 1242 4244 plu·

26 4245 224 4316 loscplsornm,
244 4247 403 4301 Coeranum
414 4247 526 4315 Graeci,
545 4249 708 4304 Musonium
741 4247 804 4302 esci
819 4248 936 4316 generis
953 4246 1053 4303 omisit
1070 4246 1130 4301 MS.
1141 4244 1241 4300 Guelt.

27 4343 55 4356 -·
73 4319 262 4389 opperiendae
278 4319 377 4376 nortis
394 4333 494 4378 omnes
512 4319 577 4382 edd.
596 4319 797 4391 opprimendae
813 4337 851 4375 m.
870 4319 928 4376 bls-
938 4317 1037 4378 (iusti.
1050 4327 1081 4376 et
1097 4318 1131 4374 in
1148 4333 1240 4394 marg.
