2800 4790
229 197 374 264 error
395 197 490 264 vm.
513 195 573 264 rx.
604 199 658 278 (ι.
673 196 712 264 n.
734 199 806 268 en.
828 199 868 266 a.
886 199 922 265 c.
937 201 1005 281 ee.)
1156 161 1228 274 'arr

29 365 182 422 muman
217 365 297 422 ilino
315 363 483 420 centnricni
500 379 586 436 opem
603 365 705 420 terant
727 365 781 422 elii
803 373 834 422 et
854 365 939 438 prior
965 365 1139 424 trierarclae
1155 371 1229 440 teeti

29 439 116 507 afflixit
140 437 241 492 eirene
280 443 325 504 st:
351 435 458 491 deinde
482 445 645 508 sequnntur
670 437 788 508 reliqui,
819 445 854 492 ot
877 439 918 494 ite
944 440 1045 494 muttit
1067 441 1230 498 satuentes

30 513 200 576 reficeretur.
266 524 305 564 en
323 509 402 562 enim
419 509 604 580 persuadebis
622 507 709 577 milei,
727 510 908 586 Agrippinas
925 520 998 582 post·
1008 515 1117 568 fustem
1133 515 1229 586 cepits

29 591 163 653 expertum
182 581 253 637 satia
270 581 365 634 enimi
382 598 415 634 eo
437 580 572 646 seruisse,
590 588 625 633 ot
641 587 759 635 uterum
777 580 966 652 protenderet
983 591 1069 654 atque
1088 583 1229 642 exolema·

30 665 63 708 rst
76 660 198 708 :entrens
214 651 307 720 [ιι-611
327 652 396 706 Wol
426 657 484 707 .et
506 652 566 706 ism
589 649 804 722 ente-Ryeiine.
841 651 962 708 Paulum
984 655 1099 710 diverse
1126 663 1156 710 et
1180 675 1229 712 co·

30 725 121 796 pinsior
143 725 277 779 namatio
294 721 406 795 Xiphil.
430 723 542 790 61,13.
572 723 731 778 secundnm
759 741 846 796 quem
862 723 1029 801 Agrippina
1055 727 1176 782 exsiluit
1193 730 1229 784 de

30 797 91 862 sella,
110 806 224 852 vestem
240 793 319 850 diam
356 795 397 848 sit
412 794 461 848 sel
476 789 527 862 τὴν
542 799 665 866 γαστέρα
682 791 921 868 ιἰιιογνμνόσιισιι,
938 799 1012 850 [lats
1029 797 1137 867 ταύτην,
1162 800 1228 871 ἔφη,
1280 835 1285 848 .
1326 803 1332 825 ’

28 864 138 936 'irim
157 871 235 930 resia,
252 863 295 921 des
311 813 429 938 Ildpmva
448 865 549 920 ἔτεκεν.
567 865 794 990 ‚cipionissima
811 875 907 922 autem
925 867 980 923 illa
998 867 1063 924 dea.
1082 869 1181 926 oseas.
1200 877 1229 940 1,

28 941 67 994 tar
82 956 144 1010 sqq.
165 956 202 994 ex
219 957 276 1010 qus
292 936 443 1015 tragoedia
461 938 550 992 etiam
572 937 605 992 in
650 955 687 992 ne
709 937 799 992 liniue
823 954 856 992 ca
878 977 886 992 .
905 939 1012 994 msssis
1037 939 1120 995 llsrl.
1144 942 1228 997 Bodl.

29 1009 70 1064 les.
87 1010 161 1064 Bud.
181 1009 278 1065 Guelt'.
296 1017 326 1064 et
343 1008 406 1064 edd.
425 1008 488 1062 l’nt.
509 1013 534 1066 1.
553 1010 579 1063 1.
598 1014 809 1084 moetusque
828 1029 844 1065 a
880 1011 957 1082 laips·
975 1020 1044 1083 post
1061 1013 1228 1068 exsternavit

29 1081 120 1136 inserta
138 1090 207 1136 sunt
224 1080 312 1136 haec:
332 1095 440 1148 rogan:
456 1079 629 1148 trimetrum,
646 1086 678 1135 at
694 1086 774 1136 atero
793 1081 885 1135 dirnn
903 1099 997 1138 :nem
1013 1084 1156 1152 conderet,
1177 1085 1229 1140 od·

27 1152 127 1206 iieieae:
162 1153 232 1207 Hic
248 1158 319 1221 eet,
343 1149 400 1205 lic
422 1158 475 1206 eet
502 1152 700 1220 fodiendae
717 1152 838 1220 terro,
862 1159 1054 1208 monstrem
1073 1155 1133 1226 qni
1152 1157 1229 1214 tate

29 1225 112 1278 tatit.
147 1223 218 1280 Port
236 1221 309 1278 lonc
325 1239 418 1279 aecem
435 1239 498 1278 cum
514 1239 644 1292 supreme
661 1223 780 1278 mixtam
795 1225 901 1292 genitu
919 1227 1168 1281 animontanden
1175 1245 1229 1297 pes·

29 1297 77 1360 tere
93 1295 205 1350 trietens
222 1291 340 1350 vulnera
358 1294 497 1352 reddidit.
533 1295 644 1350 lctidue
662 1295 737 1350 enirn
756 1301 783 1350 et
801 1297 967 1363 canitiem.
986 1297 1149 1368 mattiepne)
1167 1299 1228 1354 ani·

28 1367 124 1422 senec
142 1368 271 1436 confecto
288 1372 343 1423 ert.
381 1366 456 1434 Quae
474 1367 624 1422 nonnullis
642 1367 769 1445 genuirm
788 1367 928 1422 videntur
954 1377 984 1424 st
1002 1370 1113 1425 inserts
1129 1369 1228 1440 potius

27 1435 64 1490 itti
79 1446 120 1494 tra
199 1440 253 1507 iae,
271 1457 345 1512 quae
363 1453 423 1492 non
441 1431 475 1493 el:
494 1440 557 1510 ipso
575 1438 694 1505 Seneca,
713 1437 764 1494 sed
782 1437 815 1493 ab
837 1437 906 1494 elio.
921 1447 988 1510 post
1011 1457 1077 1496 eum
1096 1441 1229 1498 contecta

26 1507 63 1562 rit
137 1519 295 1566 euntvero
311 1529 328 1566 e
345 1507 424 1566 MSS.
444 1508 524 1568 l'lcr.
544 1509 631 1578 (teste
649 1507 738 1578 vict.)
756 1510 849 1568 Vatic.
873 1510 943 1588 Reg.
970 1511 1055 1566 corb.
1080 1511 1124 1566 ed.
1140 1511 1228 1584 ·Spir.

26 1587 49 1632 et
62 1582 105 1636 rel
120 1581 200 1636 lianc
218 1581 253 1636 cb
270 1599 384 1636 cauam
401 1582 507 1637 merito
526 1581 616 1637 eiecta
634 1587 703 1637 aunt
719 1581 753 1635 ab
771 1579 931 1654 editoribus
950 1599 1025 1649 rec,
1050 1590 1084 1637 ut
1108 1591 1229 1650 uceem,
1258 1603 1261 1615 ·

27 1667 52 1704 es
64 1655 209 1724 poeticum
225 1655 324 1736 potius
341 1670 503 1710 ammonem
520 1653 653 1708 redolere
672 1669 759 1722 quam
798 1653 949 1708 edestrem.
976 1653 1069 1720 Hunc,
1089 1656 1229 1710 enclnrna·

24 1723 65 1791 sit,
80 1721 151 1780 tenne
175 1726 241 1792 tere,
272 1731 425 1780 :nonetrssrr
450 1725 500 1796 qni
525 1725 585 1778 tote
611 1724 678 1778 reti:
695 1723 751 1779 MS.
770 1670 840 1802 lgr.
878 1724 1016 1780 Ceterum
1033 1725 1228 1801 Agrippinam

24 1791 151 1852 dissoluto
171 1795 288 1874 navigio
305 1798 430 1868 periisse
454 1796 546 1851 tradit
569 1794 761 1850 Philostratus
789 1814 809 1848 ιι
868 1804 916 1850 tor
941 1797 974 1849 in
997 1797 1058 1850 vite
1076 1795 1228 1867 Apollonii

26 1866 46 1924 4.
61 1869 100 1924 38.
135 1883 203 1922 narn
221 1868 486 1926 marterterae.
506 1863 821 1934 (intermicare.
863 1869 919 1950 pir.
957 1867 1150 1936 destringenti
1167 1867 1224 1924 MS.

25 1933 91 1996 tter.
115 1939 203 2006 (teste
220 1939 311 2006 vict.)
341 1939 403 1994 edd.
427 1937 520 2008 llyck.
545 1939 603 1992 lac.
629 1938 722 1994 Gron.
747 1955 811 2010 sqq.
836 1937 1027 2007 destringenti
1049 1938 1125 1996 MSS.
1154 1939 1227 1994 Bud.

24 2005 108 2068 Grelf.
127 2017 160 2066 et
178 2007 241 2066 edd
259 2017 320 2066 vet.
344 2007 388 2064 Gi.
408 2010 446 2065 ad
463 2013 508 2077 12,
525 2011 570 2078 61,
591 2015 617 2066 l·

465 2161 660 2220 CAPUT
714 2163 772 2220 11.

89 2271 185 2336 Haec
205 2291 369 2348 consensu
388 2271 592 2356 produntur.
634 2270 680 2334 Ae
705 2273 855 2334 exeritur
876 2279 1016 2336 metram
1043 2273 1227 2337 exanimem

21 2349 100 2418 Nero
120 2363 158 2418 et
178 2357 318 2420 formam
340 2376 378 2420 co
422 2358 492 2420 oris
514 2357 587 2419 eius
609 2356 665 2418 leo
689 2357 812 2435 averit,
832 2364 910 2418 sunt
931 2357 987 2438 qui
1011 2354 1226 2438 tradiderint,

20 2447 85 2500 mat
104 2441 167 2523 qui
187 2439 345 2504 abnuant.
417 2445 543 2502 remeta
564 2445 615 2502 eat
635 2445 733 2502 nocte
754 2437 868 2502 eadem
889 2439 1056 2502 convivali
1083 2439 1170 2502 lecto
1192 2447 1229 2502 et

19 2525 173 2604 errauit:
192 2521 330 2603 vitibus,
356 2543 379 2584 n
419 2541 474 2602 ue,
496 2519 576 2585 dum
591 2521 685 2585 Nero
707 2540 823 2584 rerum
845 2521 1048 2603 potiebatur,
1070 2527 1228 2609 congesto

19 2611 65 2664 art
89 2607 201 2670 clausa
228 2608 361 2670 humus.
444 2623 485 2668 ox
520 2602 783 2667 domesticorum
817 2621 899 2664 cura
928 2604 1035 2666 levem
1061 2605 1228 2668 tumulum

16 2693 132 2770 recepit
154 2693 243 2752 riam
266 2687 392 2753 Miseni
412 2695 555 2772 propter
574 2693 609 2750 et
628 2686 742 2752 villam
759 2683 911 2749 Caesaris
933 2684 1120 2764 dictatorie,
1144 2707 1229 2770 quae
1258 2679 1268 2692 ’

18 2771 174 2835 subiectos
200 2774 294 2836 ainus
321 2771 504 2836 editisrima
529 2776 732 2854 prospectat.
781 2767 929 2834 dcccmo
964 2787 1049 2856 rogo
1086 2769 1227 2832 tibertus

16 2855 75 2920 etue
92 2866 317 2944 cognomento
330 2853 484 2918 Mnester
502 2857 574 2937 ipsc
588 2857 681 2917 ferro
699 2854 876 2942 transegit,
896 2853 1065 2914 incertum
1085 2853 1227 2918 caritate

16 2937 239 3020 inpetronam
260 2957 303 3002 an
323 2947 415 3002 metu
436 2939 538 3001 exitii.
579 2937 682 3000 Hunc
708 2937 761 2999 sui
789 2937 891 2998 linem
906 2936 1040 3000 ‚multos
1068 2944 1146 2998 ente
1166 2955 1227 2998 aa·

16 3037 63 3084 noe
102 3021 299 3086 crediderat
335 3019 441 3110 Agrip
467 3025 522 3084 ina
560 3027 887 3104 contempseratque:
924 3037 1000 3080 nam
1039 3019 1228 3083 consulenti

13 3121 102 3186 anper
129 3107 272 3170 Nerone
305 3124 427 3187 respon
451 3116 551 3169 erunt
577 3101 748 3182 Chaldaei,
779 3105 853 3165 tore
881 3108 920 3164 ut
951 3104 1134 3184 imperaret
1154 3121 1227 3165 ma-

14 3193 156 3272 tremque
178 3186 365 3270 occideret:
386 3195 483 3270 atque
504 3189 576 3269 ille,
600 3186 748 3266 Occidet,
771 3186 889 3269 inquit,
911 3183 982 3248 dun
1002 3188 1143 3266 imperet.

71 3295 95 3345 1.
116 3289 202 3344 Haec
219 3304 355 3344 contenet:
379 3289 542 3359 produntur
567 3285 646 3342 MSS.
670 3285 751 3344 Flor.
771 3286 842 3363 Reg.
861 3284 943 3342 llari.
967 3283 1048 3340 Bodl.
1074 3284 1129 3340 lea.
1153 3285 1226 3346 liud.
1316 3289 1320 3299 ‘

12 3355 98 3417 Grelf.
120 3361 190 3417 edd.
211 3360 290 3434 Spir.
310 3360 372 3415 rut.
392 3364 419 3415 1.
437 3361 464 3417 1.
486 3359 543 3417 lac.
564 3359 655 3415 Gron.
675 3377 738 3431 sqq.
775 3359 853 3413 llaec
870 3374 893 3414 c,
913 3358 1068 3422 traduntur
1086 3355 1150 3411 edd.
1170 3365 1226 3414 eet.

11 3427 61 3485 linc
77 3433 209 3487 verbum
236 3431 325 3504 paulo
350 3439 419 3503 post
441 3433 583 3504 sequitur.
621 3431 789 3500 „conteneo
816 3427 1025 3484 adverbialiter
1042 3428 1166 3493 dictum,
1192 3436 1227 3483 nt

10 3505 171 3568 proditione
191 3509 217 3571 1,
236 3507 283 3561 69.
301 3502 387 3557 initio
404 3506 432 3570 4,
451 3505 477 3560 6.
497 3503 567 3574 (quo
585 3521 671 3558 renen
690 3501 794 3556 Cicero
813 3499 889 3558 Phil.
911 3505 956 3565 lo,
973 3503 999 3558 6-
1018 3500 1109 3554 dixit:
1129 3515 1148 3553 a
1160 3501 1227 3569 pri.

11 3589 47 3624 m
69 3593 126 3629 era
153 3575 293 3630 Graeciae
318 3589 405 3644 nsqaoe
427 3575 466 3628 od
490 3575 665 3644 Aegyptam:
690 3573 767 3628 unde
794 3586 854 3626 non
882 3578 926 3628 est
952 3571 1029 3643 quod
1055 3585 1089 3624 ru
1109 3569 1227 3643 pleatur

10 3647 85 3716 tecte)
105 3647 220 3702 donare
237 3647 301 3700 einr
317 3649 364 3712 1⁵,
381 3649 426 3704 18.
445 3646 482 3700 Η.
503 3649 529 3717 l,
547 3647 590 3702 44.
611 3655 684 3702 extr.
702 3647 808 3715 impetn
827 3644 872 3708 16,
890 3645 936 3702 38.
960 3643 1055 3714 pretio
1079 3589 1116 3697 ll.
1134 3645 1163 3708 4,
1181 3647 1226 3702 64.

11 3719 67 3792 dgr·
88 3724 138 3777 19.
167 3735 264 3773 renen:
281 3717 337 3786 fide
353 3715 426 3802 Agr.
445 3721 490 3774 lt.
509 3717 645 3786 ceetigis'e
662 3718 807 3772 ineecatne
824 3717 849 3769 Α
888 3717 949 3772 dt.
969 3731 1025 3770 non
1041 3713 1227 3784 malignitate

11 3791 199 3859 miseridia,
218 3790 271 3844 eed
286 3789 454 3859 :impleriter
472 3795 499 3844 et
517 3788 638 3858 ingenue
655 3789 687 3847 0.
706 3788 772 3846 tet‘
788 3788 845 3842 tto:
865 3829 872 3843 .
891 3785 927 3840 sd
943 3785 1015 3864 Agr.
1033 3804 1062 3858 p.
1083 3789 1143 3843 168·
1159 3789 1224 3845 169.

11 3861 44 3912 Ci-
60 3865 97 3918 ad
116 3879 191 3933 cap.
208 3864 237 3918 6.
255 3879 285 3914 ιι.
304 3864 332 3917 4.
348 3868 381 3916 et
404 3860 469 3915 lnd.
488 3860 542 3917 111.
571 3880 600 3916 v.
618 3861 747 3916 Attalici
770 3859 1015 3914 substantivorum
1040 3858 1171 3912 arestari.
1191 3887 1225 3902 -

11 3935 120 3992 tannen:
141 3934 277 4004 camme
294 3931 366 3998 cisse,
390 3931 786 3991 cf.1nd.111.·v.Genitiri
812 3947 847 3986 er
862 3947 894 3985 ee
908 3931 1071 3999 pendenter.
1113 3929 1150 3984 In
1167 3923 1226 3984 118.

11 4005 65 4082 dgr.
85 4007 179 4062 deest
196 4005 268 4073 eius,
293 4002 371 4074 quod
393 4004 538 4081 glossema
554 4005 652 4060 videri
669 4009 776 4076 potest.
813 4034 847 4062 -,
871 4009 938 4056 eant
965 4002 1015 4072 qni
1037 4001 1227 4068 tradiderint,

11 4077 90 4134 initis
104 4075 229 4148 ziphit
249 4077 296 4141 61,
315 4079 358 4132 14.
376 4074 450 4146 (quo
463 4083 538 4130 teste
555 4076 635 4132 Nero
659 4075 779 4131 sceleris
796 4091 858 4128 non
876 4075 945 4128 satis
965 4079 1072 4139 certas,
1091 4074 1149 4127 nisi
1163 4073 1227 4144 ipse

11 4159 163 4218 remeet,
184 4148 299 4220 aspexit
315 4154 441 4202 matrem
459 4149 620 4204 exanimem
638 4147 787 4218 dixitque:
813 4147 866 4200 oca
882 4139 971 4219 ᾔδειν,
989 4139 1032 4213 irs
1050 4139 1122 4200 eirea
1141 4140 1226 4212 :entire

11 4225 100 4294 μητέρα
119 4215 221 4292 εἶχον)
240 4217 319 4272 Suet
337 4216 406 4276 Ner.
425 4221 471 4276 64.
490 4219 590 4276 Boetia.
609 4236 698 4276 carm.
716 4221 745 4284 2,
762 4219 789 4274 6.
1138 4281 1141 4292 ⁸

64 4301 92 4352 2.
113 4293 262 4350 cremate
279 4295 332 4358 eet,
351 4307 379 4346 s.
397 4289 434 4347 ed
451 4289 487 4346 11.
504 4293 532 4361 6,
549 4294 578 4360 6,
595 4295 623 4352 6.
638 4299 672 4349 ‘et
689 4289 727 4347 G.
745 4291 790 4350 14.
809 4307 839 4346 n.
858 4291 885 4349 2
905 4315 939 4330 -
956 4293 1038 4346 nocte
1055 4289 1151 4344 eaden
1165 4285 1224 4347 118.
