2814 4792
234 223 382 290 curor
402 209 1003 306 m1.1.m.(no.e1s.u.o.sr.
1096 323 1099 330 Δ
1169 229 1253 298 sec·

25 409 70 464 que
85 391 144 450 edd.
161 399 280 464 praeter
295 391 374 464 Spir.
394 393 426 446 in
444 409 501 464 qna
513 398 563 452 est
578 409 614 448 ne
630 407 666 447 m.
684 394 707 460 t.
735 392 819 447 utin
837 389 894 446 MS.
913 390 993 446 nor.
1030 392 1113 461 Quod
1138 395 1164 449 si
1187 401 1233 450 to-

25 465 96 530 leres,
112 468 221 520 arctius
239 463 312 518 haec
331 483 398 518 curn
418 482 496 536 seqq.
516 471 585 518 sunt
602 465 807 542 coniungenda
831 472 862 518 et
884 463 972 534 plana
995 463 1147 519 distinctio
1165 475 1232 522 ante

25 539 111 590 dam
127 537 275 602 tullend23
297 535 401 606 Waltd.
422 567 455 579 —
493 536 608 590 Adaeus
632 544 695 608 teus
718 537 861 604 Augroetm
879 535 942 592 edd.
961 536 1055 608 Ryck.
1074 537 1148 591 Ern.
1167 557 1180 592 s
1223 579 1232 595 .

27 627 55 662 ex
69 609 175 663 emend.
194 609 297 680 Lipsii.
317 608 362 662 cf.
382 611 426 676 13,
445 610 483 664 34
500 625 546 678 pr.
565 617 595 664 et
613 605 678 663 Sen.
698 607 734 662 de
752 608 837 662 clem.
861 612 888 675 1,
911 612 952 665 to.
989 614 1097 663 maone
1114 615 1176 664 tuae

26 679 86 734 MSS.
103 689 131 736 et
147 679 212 738 edd.
231 688 290 736 vet.
326 677 375 733 Sic
394 679 639 734 studuissemus
655 680 692 734 Α.
719 679 781 734 edd.
810 697 870 734 rec.
896 687 926 734 et
949 696 1019 734 avus
1035 697 1072 738 m.
1091 685 1127 734 A·
1155 679 1231 735 MSS.

27 762 48 806 et
62 752 116 806 edd.
134 761 195 808 vet.
215 769 277 824 cap.
296 753 341 806 35.
380 749 572 819 ,AEmendatio
591 752 685 824 lipsii
704 753 735 806 in
753 751 874 805 dubium
897 760 1000 806 vocata
1022 761 1067 806 est
1084 771 1100 807 a
1117 752 1232 825 Ryokio

27 833 48 877 et
71 832 160 878 recte:
197 842 266 878 nam
302 823 350 877 ovi
383 834 413 877 et
440 825 518 878 atari
551 825 639 878 etiam
665 824 697 878 in
728 825 901 878 uniuersum
926 825 1067 882 dicuntur
1095 827 1232 890 maiores,

26 893 166 962 (Ahnen,
191 905 226 950 ut
253 896 331 948 aovi
356 913 402 966 ap.
431 895 502 950 Hor.
528 895 573 951 od.
600 899 627 962 1,
651 894 709 962 lt.)
735 903 766 950 et
789 894 879 949 nihili
904 903 950 950 est
973 897 1050 968 quod
1076 897 1232 952 Ernestius
1288 933 1291 942 .

26 967 120 1034 scribit,
141 969 186 1021 sio
204 983 272 1021 avos
290 967 408 1038 quidem
426 967 486 1021 dici
503 975 533 1022 et
550 975 657 1036 atavos,
683 985 778 1040 neque
802 982 975 1022 verounum
997 977 1027 1023 et
1045 977 1163 1032 amount.
1199 967 1234 1024 Si

25 1039 87 1091 enim
103 1040 151 1094 aui
169 1048 199 1094 et
217 1039 296 1094 acm
313 1039 418 1094 latiore
439 1057 525 1094 sensu
542 1040 650 1105 ualent,
669 1056 724 1093 cur
741 1055 802 1093 non
821 1047 849 1092 at
867 1055 936 1093 avua
955 1048 984 1095 et
1009 1041 1129 1096 munus?
1147 1043 1233 1095 Prae·

25 1115 90 1164 terea
105 1127 167 1164 non
185 1120 248 1165 erat
265 1109 353 1164 huius
372 1110 441 1177 loci,
460 1119 494 1164 ut
511 1121 645 1167 accurate
669 1112 758 1183 plane
780 1110 887 1188 gradus
910 1115 1094 1190 cognationis
1118 1113 1233 1188 signid-

25 1189 134 1250 caretur,
154 1190 185 1237 et
203 1182 322 1236 additur
338 1185 494 1249 Augustus,
521 1190 555 1236 nt
572 1200 658 1240 nemo
675 1184 770 1254 possit
795 1182 938 1249 dubitare,
963 1187 1028 1255 quis
1054 1185 1093 1239 sit
1119 1185 1232 1240 intelli-

25 1253 151 1328 gendus.“
173 1252 278 1308 Waut.
316 1253 410 1307 Immo
432 1251 510 1308 hanc
534 1256 627 1326 ipsam
655 1255 690 1310 ob
713 1259 828 1308 causem'
855 1258 990 1332 cognatio
1013 1263 1147 1311 accurate
1169 1262 1233 1312 erat
1254 1309 1263 1322 „

24 1325 205 1395 exprimenda,
224 1342 318 1396 neque
336 1343 410 1378 vana
427 1334 471 1380 est
487 1325 560 1380 haec
577 1327 710 1382 Ernestii
728 1327 892 1381 annotatio:
923 1328 1004 1393 „Aoi
1027 1335 1057 1382 et
1075 1325 1154 1381 litavi
1171 1342 1232 1381 non

23 1398 69 1449 uisi
97 1400 127 1452 in
155 1397 267 1468 plurali
290 1405 442 1468 ponuntur
467 1415 523 1470 pro
547 1400 717 1465 iunioribus,
752 1405 782 1452 et
804 1415 885 1452 ouum
901 1415 990 1452 meum
1016 1415 1099 1470 posse
1119 1400 1154 1453 de
1172 1398 1232 1452 alio

23 1483 92 1536 pem
110 1469 145 1524 de
164 1470 223 1523 mei
279 1469 371 1522 rentis
399 1478 482 1540 patre
509 1467 578 1534 dici,
605 1471 636 1526 id
653 1487 724 1526 vero
744 1472 833 1526 etiam
856 1479 942 1540 atque
960 1471 1048 1525 etiam
1066 1489 1103 1532 ne
1144 1470 1176 1528 .“
1197 1495 1232 1508 -

22 1539 56 1592 11.
72 1542 218 1611 Agrippae
235 1487 419 1610 iiytueneue
437 1549 579 1608 secretum,
605 1542 641 1598 de
668 1558 726 1614 quo
753 1561 782 1597 v.
801 1541 877 1596 Suet.
898 1542 960 1596 Oct.
979 1545 1023 1599 66.
1056 1549 1086 1596 et
1103 1487 1166 1596 lib.
1187 1545 1231 1598 1⁰.

22 1611 82 1663 Plin.
104 1618 129 1676 7,
158 1616 203 1668 43.
232 1611 290 1666 Dio
317 1615 361 1678 33,
385 1615 428 1669 33.
465 1614 616 1683 Mytilene«
648 1615 710 1670 cdd.
736 1615 799 1667 Put.
827 1619 850 1668 1.
870 1617 896 1670 3.
924 1613 990 1670 Ber.
1017 1613 1119 1670 Kiasel.
1139 1613 1229 1668 Bekk.

22 1681 119 1742 waldi
158 1683 342 1754 Mitylenence
378 1684 441 1738 edd.
465 1683 558 1740 Rhen.
586 1690 612 1744 3.
637 1690 665 1743 3.
692 1703 754 1757 sqq.
800 1687 947 1754 mytelense
974 1683 1043 1742 138.-
1059 1683 1139 1741 Flor.
1159 1693 1231 1742 teste

21 1753 103 1810 luria-
138 1757 308 1810 mitilineus
328 1756 370 1809 ed.
389 1753 467 1827 Spir.
485 1776 514 1813 v.
534 1758 571 1812 ad
588 1759 617 1826 6,
637 1761 681 1822 18,
700 1761 724 1813 3.
762 1765 907 1823 secretum,
927 1773 1078 1812 secessum.
1100 1757 1144 1812 (11.
1165 1752 1230 1810 lud.

22 1825 52 1878 ll.
69 1859 99 1870 -
133 1829 225 1881 velut:
244 1829 275 1882 in
295 1828 338 1882 ad.
356 1826 434 1899 Spir.
452 1829 543 1886 valde.
565 1853 597 1874 -ε
617 1831 691 1884 ouer
712 1829 817 1882 Romae
832 1829 959 1899 pluribus
983 1828 1124 1882 laboribus
1142 1829 1230 1882 iacta-

21 1903 56 1950 tur
70 1899 100 1951 in
115 1902 302 1971 praefectura
319 1899 416 1954 Urbis.
454 1901 586 1968 „lactari
609 1900 731 1973 proprie
757 1900 906 1967 dicuntur,
936 1900 988 1972 qui
1014 1908 1065 1954 aut
1089 1900 1121 1954 in
1144 1901 1231 1954 turbu

21 1969 104 2039 aliqui
119 1972 155 2026 ab
173 1986 233 2024 uno
261 1972 327 2025 loco
351 1972 384 2026 in
408 1971 499 2026 ulium
525 1973 699 2038 truduntur,
723 1979 757 2024 ut
775 1974 936 2027 consistere
963 1985 1022 2024 non
1039 1972 1162 2042 possint,
1180 1978 1231 2024 aut

22 2037 144 2097 ductibus*
158 2049 189 2098 et
207 2044 355 2097 maritima
373 2052 544 2116 tempestate
572 2043 748 2116 deprehensi
775 2051 861 2110 sunt;
888 2041 961 2096 hino
984 2043 1035 2112 qui
1059 2058 1230 2114 quacunque

21 2113 119 2167 ratione
139 2122 307 2182 uenantum
334 2115 439 2170 deinde
466 2117 518 2188 qui
545 2117 673 2170 multum
696 2123 851 2170 versantur
883 2116 916 2168 in
940 2129 973 2167 re
1005 2110 1137 2184 aliqua.“
1160 2115 1229 2169 Em.

20 2183 82 2236 clav.
101 2183 159 2239 cic.
180 2217 215 2230 -
238 2203 293 2255 pro
311 2186 468 2272 ingentibus
484 2189 594 2242 meritis
607 2187 737 2272 premio
755 2193 930 2272 occeperunt,
949 2185 1145 2272 ,exquisitior
1161 2204 1230 2242 usus

19 2258 685 2387 tet.tteffi?.:;tt¹ittmtt.:itttt
706 2261 965 2388 oitttztttt
979 2266 1230 2402 diffisi?

20 2395 403 2465 ad4,72,1.et1nd.111,
428 2419 456 2457 v.
476 2399 542 2466 Pro,
565 2419 593 2472 y.

75 2473 100 2526 3.
119 2471 185 2540 Ego
204 2472 272 2542 quid
288 2473 367 2526 aliud
382 2473 582 2540 omnificentioe
600 2471 731 2527 addidere
746 2471 825 2542 pons·
841 2470 898 2530 MS.
918 2472 989 2528 Eud.
1005 2479 1035 2526 et
1053 2470 1115 2528 edd.
1129 2487 1229 2525 omnes

20 2547 74 2594 unte
89 2543 175 2608 Ern.‚
196 2545 228 2597 in
246 2542 292 2598 his
310 2545 377 2598 Ber.
397 2543 537 2614 adquam
557 2544 642 2599 siluit
658 2546 735 2600 Vict.
762 2551 825 2598 tuac
848 2550 915 2614 post
931 2544 1131 2609 munificentiae
1149 2543 1235 2598 adcli-⁴

20 2615 69 2664 tum
86 2615 116 2667 in
136 2613 214 2672 MSS.
234 2615 316 2671 Harl.
337 2615 418 2673 Bodl.
437 2615 491 2670 les.
512 2614 611 2670 Guelf.
628 2616 699 2692 Agr.
721 2615 784 2672 edd.
804 2615 876 2668 Ern.
896 2615 975 2668 Brot.
996 2615 1061 2684 Bip.
1083 2613 1133 2670 Ob.
1153 2614 1228 2670 Liin.
1296 2649 1303 2668 .

19 2685 88 2736 uncis
106 2685 255 2741 inclusum
273 2706 290 2741 a
308 2685 400 2742 Beki.
421 2696 450 2740 et
468 2687 573 2740 Kiessl.
596 2695 745 2740 extrusum
765 2705 782 2740 a
795 2684 911 2744 Walth.
946 2683 1072 2752 „Sensus
1092 2691 1152 2738 est:
1173 2701 1230 2756 qua
1311 2732 1312 2740 ,

19 2759 139 2824 reposui
157 2760 323 2830 promereri
341 2759 572 2813 munificentiam
591 2765 686 2824 tua1n3
718 2757 771 2881 gui
798 2759 860 2812 sine
886 2756 940 2810 illa
961 2755 1066 2810 vocula
1083 2770 1143 2808 non
1161 2771 1231 2808 eon-

18 2826 93 2878 stat‘t
108 2829 182 2884 Erre.
220 2831 335 2896 „Immo
352 2828 405 2882 hio
422 2831 542 2884 minime
561 2829 716 2907 intelligen

18 2891 151 2976 §mecam
170 2901 222 2956 sed
239 2900 327 2956 huius
346 2901 378 2954 in
396 2901 491 2956 illum.
528 2902 651 2956 Ponitur
669 2903 747 2956 enim
767 2917 800 2956 eo
818 2894 906 2955 'sensu
930 2917 987 2971 quo
1011 2905 1056 2954 est
1078 2897 1154 2968 apud
1172 2897 1230 2952 sni-

18 2963 81 3036 lites,
100 2973 183 3028 inter
241 2988 271 3026 os
289 2975 430 3039 munifices
455 2982 538 3027 erant
556 2975 667 3028 milites
686 2971 782 3026 infimi
802 2973 923 3037 ordinis,
951 2972 1003 3042 qui
1027 2971 1124 3023 omnia
1146 2967 1229 3023 mili-

17 3039 64 3092 tiae
80 3046 182 3098 munia
219 3043 340 3098 ebebant
358 3046 440 3098 obire
459 3047 620 3117 quibusque
643 3042 757 3098 tribuni
782 3051 812 3098 et
835 3044 1021 3099 centuriones
1049 3042 1081 3093 in
1110 3040 1229 3095 modum

739 2848 755 2882 a
774 2837 817 2882 est
842 2829 1027 2895 omnilicentiu
1054 2825 1179 2881 Neronis
1196 2827 1230 2880 in
1330 2859 1335 2878 .
1362 2835 1369 2844 ·

19 3123 159 3168 servorum
179 3117 344 3174 utebantur.
363 3134 392 3172 v.
411 3117 453 3170 Vc
477 3125 513 3172 et.
533 3121 559 3184 3,
581 3122 605 3172 7.
626 3125 655 3171 et
673 3119 716 3171 13.
754 3114 817 3168 lam
837 3113 944 3169 Seneca
970 3111 1006 3166 de
1023 3111 1172 3187 Agrippae
1199 3119 1229 3166 et
1330 3165 1332 3172 .

18 3177 177 3240 Maecenatis
194 3186 352 3254 ingentibus
368 3188 479 3246 meritis
496 3189 610 3248 locutns
628 3187 746 3263 pergit:
779 3203 830 3254 ego
849 3187 915 3256 quid
932 3184 1010 3239 aliud
1028 3183 1229 3251 munificentiae
1247 3255 1249 3260 Ι

18 3249 135 3308 udtioere
150 3261 330 3338 potaifquom
347 3260 449 3326 studia,
477 3269 511 3312 ut
529 3260 612 3330 quasi
629 3259 715 3325 dicat,
746 3276 796 3311 sna
817 3259 925 3314 merita
947 3264 1027 3310 tento
1050 3272 1099 3310 ero
1120 3255 1229 3311 distare

18 3321 44 3372 th
121 3327 206 3411 'ppae
224 3336 253 3380 et
270 3331 442 3386 Maecenatis
460 3332 586 3396 meritis,
605 3345 693 3402 quarn
719 3326 853 3382 munifici
871 3327 1011 3383 militiso
1037 3328 1094 3380 reia
1115 3345 1132 3380 a
1150 3345 1229 3382 sum-

17 3393 50 3446 ni
93 3413 157 3451 neus
181 3399 348 3469 operibus.¹‘
383 3400 486 3460 Wadi.
525 3403 682 3478 Ingeniose
710 3407 740 3456 et
763 3409 847 3472 apte:
884 3399 935 3454 sed
957 3399 1169 3465 munificentiam
1193 3415 1227 3454 eo

17 3481 90 3522 ceum
105 3485 204 3534 nemo,
224 3473 340 3542 opinor,
360 3471 444 3528 dixit.
465 3504 498 3515 -
535 3474 628 3526 studio
653 3475 684 3527 in
700 3473 797 3526 umbra
815 3473 947 3536 educatu,
966 3489 997 3524 v.
1017 3470 1052 3524 ad
1072 3473 1114 3534 13,
1134 3473 1182 3538 43,
1199 3472 1226 3526 3.

18 3564 44 3576 -
60 3546 88 3590 ut
104 3541 149 3592 sic
166 3541 297 3606 dixerim,
314 3559 343 3597 v.
363 3541 399 3596 ad
482 3547 534 3600 .3.
553 3563 582 3596 n.
601 3545 628 3604 5.
649 3577 682 3588 -
719 3551 746 3597 ct
764 3545 860 3614 quidus
877 3542 1017 3599 claritesdo
1034 3543 1120 3608 venit,
1144 3560 1171 3596 v.
1191 3541 1228 3596 ad

17 3623 67 3732 ill
84 3613 184 3764 ,3²50ss
201 3614 467 3742 1113111111...
477 3613 585 3757 ξῖξ.
603 3614 704 3757 §.55³3
717 3614 1022 3774 ii?·s2}?¹².'is.¹³i¹i¹i
1041 3613 1130 3771 iit?
1131 3611 1227 3771 ’1ξὲ1ςῖ

17 3755 140 3880 sess
669 3758 1103 3887 istitettetssitt⁵
1117 3755 1228 3883 :ser
1296 3796 1301 3810 1

18 3897 148 3966 limpore,
171 3914 230 3970 quo
248 3901 341 3954 tuerit
357 3901 485 3958 Neronis
509 3911 699 3975 praeceptor:
732 3920 793 3960 non
821 3903 879 3962 sibi
903 3899 1111 3958 claritudinem
1136 3899 1227 3954 exiis

17 3969 119 4023 renim
138 3971 259 4026 iactat.“
282 3972 340 4026 loc.
360 3973 445 4031 Gron.
829 3999 834 4006 ·

19 4103 25 4116 1
74 4043 100 4096 3.
118 4042 294 4097 mam
307 4047 452 4115 penmiom
467 4046 677 4103 circumdedisti
692 4045 777 4103 mihi.
796 4064 824 4102 v.
844 4046 881 4102 ad
897 4045 968 4123 Agr.
986 4047 1030 4102 33.
1048 4063 1078 4102 n.
1097 4047 1124 4101 l.
1144 4051 1174 4098 et
1191 4041 1227 4097 de

17 4115 158 4168 cunensis
182 4112 308 4171 Senecae
334 4117 448 4172 divitiis
471 4117 507 4174 ad
525 4122 570 4186 13,
589 4122 634 4182 43,
651 4122 679 4176 3.
715 4116 922 4173 circumdedisti
944 4114 1021 4174 MSS.
1040 4117 1119 4171 Flos.
1140 4114 1226 4172 corb.
1337 4107 1343 4122 ‘

16 4175 75 4266 liud
95 4183 198 4244 Guelt.
218 4186 282 4242 edd.
302 4187 383 4244 Pieli.
403 4207 465 4262 sqq.
502 4189 606 4244 dedisti
622 4189 679 4260 1118.
698 4189 768 4268 Reg.
788 4199 818 4246 et
836 4190 901 4246 edd.
919 4195 976 4244 vet.
1009 4187 1053 4243 De
1071 4184 1145 4243 MSS.
1165 4186 1226 4239 suis

17 4251 91 4308 nlnst
107 4257 190 4314 Brut.
208 4266 242 4312 ut
261 4277 356 4330 saepe.
376 4293 409 4306 -.
442 4263 611 4334 plenamque,
638 4281 667 4318 v.
694 4258 731 4314 ad
753 4266 781 4328 3,
804 4265 849 4331 38,
875 4264 903 4319 4.
923 4293 958 4306 -
994 4259 1071 4315 intro
1096 4275 1139 4310 me
1164 4257 1225 4325 ipae

16 4325 121 4398 Mona,
152 4345 180 4386 r.
199 4329 235 4386 ad
252 4335 344 4401 1,.64,
361 4335 389 4390 3.
419 4331 498 4389 intro
514 4351 558 4390 nse
573 4335 638 4407 spes
654 4331 731 4392 MSS.
757 4335 837 4391 Flor.
856 4331 912 4390 les.
931 4331 1004 4390 But.
1028 4339 1058 4386 et
1084 4329 1146 4388 edd.
1166 4335 1224 4388 ret·
