2804 4790
199 235 348 302 curor
367 202 489 303 xnrv.
510 233 619 304 xnv,
641 233 700 318 <a
713 233 756 302 o.
777 233 849 305 sot
870 234 910 303 a.
932 231 971 300 c.
992 209 1062 319 a.)
1178 241 1239 308 ur

23 425 70 550 ξ’..
77 403 336 552 15..Ἳέἒί
355 421 507 550 51511.
525 400 815 565 illidii?
840 399 1242 570 illelmi}

133 571 192 636 sis
212 571 453 658 negligeretur,
475 572 652 654 avaritiam
663 568 824 651 praelecti
834 579 1035 650 emereatur,
1057 571 1241 638 obtestante

23 591 190 738 ffirio,
222 673 266 717 ne
292 655 404 717 socius
431 673 504 734 rex,
536 673 579 718 ue
604 653 764 716 Armenia
799 649 923 716 donum
956 653 1074 736 populi
1100 653 1242 719 Romani
1273 718 1276 727 ,

20 739 139 800 scelere
169 744 206 800 et
234 737 374 818 pecunia
400 745 628 800 verterentur.
670 737 857 814 Postremo,
888 737 966 818 quia
992 737 1241 802 multitudinem

19 821 163 882 bostium
193 819 310 896 Pollio,
346 821 437 882 iussa
464 821 571 901 patris
599 817 834 882 Rhadamistus
855 816 1090 897 obtendebant,
1125 831 1241 904 paetus

17 904 170 966 inducias
192 901 350 981 abscedit,
370 909 421 982 ut,
443 903 509 963 nisi
519 901 764 966 Pharasmanen
784 902 871 964 bello
892 901 1140 984 absterruisset,
1161 902 1241 968 Um·
1312 969 1317 978 ,

16 987 157 1133 fflim
188 983 394 1130 Opadratum
424 983 611 1068 praesidem
638 983 758 1070 Syriae
792 983 944 1066 doceret,
981 1005 1047 1072 quo
1078 988 1115 1050 in
1150 989 1241 1053 stlta

95 1071 195 1134 enine
229 1079 337 1136 orent.

17 1195 219 1314 ...ltili
235 1187 1099 1333 subilli.”Stltltltlttillllbtbz
1117 1189 1241 1317 ‘illl

14 1332 93 1387 uss.
114 1337 147 1386 et
165 1331 229 1386 edd·
248 1339 307 1386 ret.
326 1331 386 1385 nisi
405 1331 483 1404 quod
502 1333 647 1402 potuer-lut
668 1331 711 1388 ed.
732 1333 812 1404 Spir-
832 1365 865 1376 -
898 1333 1061 1402 proelianti
1079 1333 1128 1400 (ci.
1141 1334 1177 1390 sd
1196 1337 1243 1402 tt,

14 1409 57 1470 38,
75 1404 118 1471 2)
137 1401 198 1458 ss'ds‘
215 1404 353 1458 aduersus
371 1419 467 1472 regau
483 1405 661 1458 Albanorum
678 1413 734 1462 eet.
770 1405 877 1472 „assius
903 1404 975 1460 belli
1000 1405 1124 1462 historia
1148 1407 1242 1460 inter-

15 1477 97 1530 cidit.
133 1475 250 1528 Albana
267 1473 342 1530 olim
360 1476 433 1530 socii
452 1474 653 1530 Pharasmanis
675 1479 769 1535 fuere.
796 1495 826 1529 u.
845 1479 873 1539 o,
891 1477 956 1533 3³ss
979 1477 1063 1548 ltyct.
1082 1507 1114 1520 -
1151 1471 1242 1530 ultum

14 1549 133 1614 ituram,
166 1564 194 1604 r.
214 1545 252 1600 ad
269 1549 297 1614 4,
317 1550 343 1600 1.
380 1547 499 1600 muttum
517 1545 540 1598 s‘.
573 1547 618 1601 ed.
646 1563 694 1618 pr.
716 1579 748 1591 -
783 1547 949 1615 irruptione
974 1547 1072 1604 omnes
1098 1547 1161 1602 edd.
1180 1555 1241 1602 sat.

15 1621 95 1689 lips.
116 1624 142 1674 1.
162 1625 194 1672 et
211 1635 272 1674 ree.
308 1617 457 1687 eruptione
474 1617 534 1684 tls.
554 1617 634 1672 Flor.
655 1619 733 1680 (test.
754 1617 847 1682 Picis.)
865 1615 928 1675 edd.
940 1619 1018 1690 Lips.
1032 1626 1140 1690 poster.
1160 1617 1241 1673 Piala.

15 1689 150 1744 areium
169 1687 195 1740 1.
208 1687 259 1744 Pr.
274 1687 367 1744 Gron.
400 1689 457 1744 Sed
474 1695 623 1759 erumpunt
641 1689 745 1756 clausi,
763 1689 927 1758 irrumpunt
945 1690 1036 1744 ulium
1055 1690 1242 1778 aggressuria

16 1761 98 1830 lipsi.
118 1793 153 1804 -
191 1759 344 1813 cartellam
368 1760 496 1814 Gorneae
523 1761 555 1813 in
580 1761 719 1815 Mmenia
743 1761 863 1816 maiore.
899 1761 1007 1828 „Intra
1033 1761 1120 1816 initia
1138 1760 1243 1815 Araxis

16 1841 44 1886 et
60 1830 227 1903 Euphratis
254 1831 290 1886 ad
315 1847 449 1886 occasum
465 1833 683 1896 Artaxatorum,
713 1839 748 1884 ut
765 1830 883 1901 quidam
904 1839 1021 1902 putant,
1041 1830 1080 1887 id.
1099 1832 1147 1904 qd.
1168 1833 1243 1886 Gar·
1283 1873 1286 1880 .

16 1921 85 1957 uaso
104 1922 151 1974 ap.
170 1902 249 1960 Ptol.
267 1904 295 1968 5,
314 1904 340 1956 'l-
376 1901 444 1958 Alia
461 1903 581 1958 castella
599 1909 738 1958 montana
757 1911 787 1956 et
805 1902 1000 1958 custodiendis
1019 1921 1051 1957 re
1074 1902 1109 1958 iis
1128 1903 1244 1958 thesau-

16 1979 58 2028 ris
77 1975 207 2040 munita,
231 1967 434 2046 γαζοφυλάκια,
464 1969 586 2046 φρούρια
610 1970 717 2046 ὀρεινὰ,
746 1973 890 2028 memorat
914 1973 1015 2028 Strabo
1067 1973 1091 2027 1.
1109 1993 1140 2045 p.
1159 1971 1244 2032 tttl‘

16 2049 98 2100 Brut.
115 2061 287 2115 gorgoneus
305 2043 365 2100 MS.
385 2045 486 2100 Guell.
500 2077 532 2090 -
559 2043 626 2116 quis
643 2043 761 2100 coellus
777 2043 871 2098 Pollio
887 2048 1049 2112 porrectus
1068 2055 1097 2100 et
1113 2044 1244 2102 antarta
1317 2071 1320 2076 ·

16 2117 173 2186 Casperius
198 2123 351 2186 praeerat.-
382 2117 524 2188 suspicari
546 2118 639 2190 possis
661 2123 824 2186 proemuut.
862 2113 918 2170 Sed
941 2117 1064 2172 uerbum
1092 2117 1244 2188 praediea·

17 2199 114 2244 tumre
131 2206 216 2243 unm
237 2190 314 2264 sing.
336 2187 469 2260 pluribus
496 2189 686 2242 substantivis
711 2187 893 2254 subiectisre,
920 2205 994 2259 quse
1017 2189 1067 2244 rel
1094 2197 1128 2244 ut
1144 2197 1243 2260 partes

16 2263 59 2316 rei
77 2259 251 2326 eobaerent‚
283 2259 333 2314 sel
358 2277 415 2314 uua
440 2267 509 2312 sunt
535 2268 566 2314 et
587 2268 689 2336 agunt,
716 2259 767 2313 rel
792 2257 911 2316 eandem
929 2275 1021 2330 paene
1044 2261 1107 2315 sim
1124 2260 1244 2326 habeut,

17 2336 27 2386 i
88 2333 153 2386 itur
174 2339 207 2386 et
226 2349 366 2386 uumerus
385 2348 534 2406 genusque
557 2331 606 2386 vel
630 2331 765 2402 proximo
786 2346 886 2385 eorum
904 2330 953 2384 vel
972 2331 1113 2386 nobiliori
1131 2349 1245 2388 acaem-

98 2413 164 2467 tur‚
185 2422 214 2456 r.
234 2419 259 2455 e.
279 2404 436 2457 abstulerat
455 2407 482 2468 1,
502 2405 544 2458 lt.
581 2403 852 2467 materiatarum.
871 2403 997 2456 mouebat
1015 2405 1043 2471 2,
1062 2407 1104 2460 ll·
1120 2418 1245 2473 peresus·
1302 2413 1304 2418 '

16 2485 61 2530 rat
80 2479 110 2541 4,
129 2477 177 2531 ts·
217 2473 302 2542 egens
320 2477 347 2541 4,
366 2475 410 2532 ot.
430 2473 569 2528 ermerus
590 2479 632 2541 15,
651 2476 696 2530 15.
733 2472 874 2540 irrumpet
899 2471 1053 2540 11.1,15.
1090 2481 1187 2530 arceat
1205 2475 1244 2528 11.

14 2553 40 2614 3,
58 2551 104 2605 38.
135 2552 230 2599 terret
248 2545 285 2598 ll.
304 2549 332 2610 ³,
350 2547 393 2602 55.
420 2561 500 2598 sucus
517 2551 545 2598 et
564 2546 678 2600 oulmus
696 2549 724 2598 et
741 2543 891 2598 couss'ls'um
910 2550 938 2597 et
957 2544 1099 2598 sententia
1116 2546 1244 2602 oius'tots's

14 2621 112 2688 posita
130 2623 180 2672 est
199 2615 231 2671 t'a
249 2617 359 2685 legibus
375 2634 421 2688 sp.
442 2615 502 2672 cie.
521 2633 551 2688 p.
574 2617 689 2671 Cluent-
707 2618 752 2672 53.
797 2614 991 2670 Substantivis
1018 2624 1116 2671 tamen
1147 2619 1246 2672 diser·

17 2709 62 2744 sae
87 2688 205 2744 indolis
251 2688 419 2759 leramque,
448 2704 508 2742 nen
532 2686 639 2754 ubivis,
666 2685 788 2742 verbum
815 2704 895 2740 num·
919 2687 1000 2769 plur.
1025 2688 1168 2762 iungitur.
1196 2689 1244 2742 ct.
1324 2733 1326 2740 .
1349 2729 1350 2732 ,

17 2763 77 2820 lnd,
99 2761 162 2814 111.
183 2777 220 2824 r,
229 2705 467 2814 1d'raeds’ootoruou
493 2767 578 2830 atque
602 2759 796 2814 Subiectorum
818 2773 927 2811 uumers
952 2763 979 2812 et
995 2775 1101 2826 gessero
1119 2760 1244 2826 diuma,

15 2835 49 2887 sd
66 2833 99 2888 0.
121 2836 172 2890 22
192 2849 220 2884 n.
240 2835 266 2888 4.
285 2830 458 2890 Rasnsborn·
477 2830 575 2886 Gram.
599 2849 630 2902 p.
650 2833 816 2889 teu—159.
840 2827 961 2885 Walch·
987 2831 1020 2884 in
1044 2829 1156 2902 emend.
1180 2831 1245 2886 liv.

16 2923 43 2974 p.
69 2909 135 2963 135.
165 2911 198 2958 et
217 2902 258 2957 ‘ad
280 2901 348 2956 Tac.
366 2901 437 2978 Agr.
464 2919 494 2974 p.
520 2905 582 2960 304.
620 2901 794 2978 Reiragatur
823 2899 976 2970 Walther,
1005 2904 1056 2973 qui
1079 2903 1119 2958 ad*
1136 2906 1180 2968 13,
1199 2904 1245 2958 12-

16 2975 83 3030 baec
109 2975 283 3030 mutavit:
317 2975 497 3042 „irrepserat
520 2976 552 3027 in
577 2991 657 3030 nuru.
684 2975 759 3050 sing.
784 2971 819 3026 de
844 2972 953 3026 duobus
973 2973 1032 3028 dici
1056 2990 1115 3028 non
1138 2981 1245 3046 potest.

17 3049 96 3116 Quod
111 3051 159 3112 ts,
176 3048 218 3102 15.
237 3045 350 3122 legitur
367 3061 423 3100 uox
441 3050 469 3098 el
487 3044 607 3100 lases'us'a
624 3051 775 3110 eremas,
793 3043 853 3098 huc
871 3060 930 3098 neu
947 3047 1027 3103 lacit.
1064 3047 1139 3100 Nam
1157 3043 1246 3098 huius

17 3121 138 3196 generis
171 3117 300 3172 subiecta
321 3116 409 3188 plura
433 3117 522 3171 verbo
546 3118 592 3171 sin
616 3151 623 3166 ·
648 3135 731 3174 num:
754 3113 820 3171 addi
851 3131 936 3187 posse
962 3133 1047 3171 nemo
1080 3119 1184 3184 nescit,
1217 3121 1247 3171 et

18 3189 157 3263 exeanpla
183 3197 251 3242 sant
279 3191 440 3245 innumera.
478 3187 644 3259 speciosius
674 3195 718 3242 est
743 3185 859 3240 Coelius
885 3195 915 3241 et
937 3187 1093 3256 Casperius
1114 3193 1246 3259 praeerat

18 3267 59 3328 12,
79 3265 127 3319 45.
169 3257 229 3314 Sed
243 3269 377 3329 praeerat
394 3260 525 3331 pertinet
541 3268 656 3313 autum
674 3259 709 3313 sd
734 3257 880 3330 posterius
898 3258 1078 3327 membrum
1104 3261 1139 3314 ad
1161 3261 1248 3333 prius
1333 3315 1334 3321 ,

19 3329 219 3404 supplendum
238 3340 283 3386 est
299 3339 372 3390 erat.
432 3330 484 3384 uid
500 3328 615 3385 multa?
642 3329 706 3384 Duo
732 3330 861 3385 subiecta
884 3346 1023 3401 personas
1049 3333 1248 3404 praeferentia

20 3407 160 3476 sequitur
176 3402 299 3458 verbum
312 3403 388 3528 einp³
406 3420 498 3467 nuru,
518 3403 543 3456 si
561 3403 677 3456 diuersa
695 3399 729 3456 de
747 3409 874 3474 utroque
888 3402 1016 3456 subiecto
1028 3403 1246 3528 praedicantur,

114 3492 174 3548 per
197 3491 293 3528 mum
317 3491 371 3529 ver
388 3491 439 3527 um
464 3475 571 3526 eoniuu
594 3481 693 3527 untur.
732 3469 809 3526 Tum
833 3489 905 3528 vero
930 3471 960 3525 id
982 3491 1036 3530 ver
1053 3493 1104 3528 um
1129 3492 1188 3530 non
1212 3473 1248 3530 ad

19 3495 237 3602 ffatim
261 3547 402 3617 pertinet,
433 3544 484 3599 sed
511 3492 666 3616 suppiam
688 3543 726 3598 sd
749 3545 831 3616 prins
850 3545 1024 3612 membrum,
1056 3547 1195 3601 scribitur
1211 3543 1248 3601 ad

21 3619 159 3674 amm.
197 3615 482 3682 salanellum.
504 3625 578 3671 extr.
616 3616 735 3686 adeptus
753 3633 799 3687 ap.
819 3614 891 3670 Sall.
912 3616 973 3672 Cat.
993 3635 1017 3672 e·
1036 3617 1101 3675 45ss
1132 3619 1248 3673 Caelius

21 3691 82 3745 edd.
102 3691 187 3762 [ipa
209 3705 273 3759 sqq.
291 3690 377 3742 utin
394 3688 472 3816 lapp.
492 3687 589 3742 Uelius
606 3686 664 3741 MS.
684 3687 782 3741 Guell·
807 3685 869 3744 edd.
896 3688 959 3746 Put.
978 3694 1004 3746 l.
1023 3693 1049 3747 2.
1068 3687 1134 3744 Ber.
1153 3689 1247 3746 liban.

24 3765 46 3816 l.
64 3765 92 3819 2
113 3767 141 3819 a
155 3759 232 3816 -Alu
253 3759 362 3813 Cellius
381 3757 423 3814 ed.
463 3759 520 3832 pir.
559 3757 714 3828 Caspe-ius
733 3767 912 3814 memoratur
929 3761 1017 3814 etiam
1036 3763 1081 3827 15,
1099 3763 1126 3818 5.
1147 3761 1250 3825 etalii

23 3835 150 3889 εἰιιάεω
170 3832 302 3887 nominis
319 3829 356 3884 ll.
375 3835 404 3898 3,
422 3833 466 3889 13.
485 3827 596 3902 xiphtl.
608 3832 653 3897 55,
666 3834 693 3888 3.
713 3838 743 3885 et
761 3831 842 3887 alibi.
870 3830 1010 3901 Asperius
1027 3833 1102 3886 coni.
1113 3833 1248 3889 Ursinus.

88 3909 119 3962 2
145 3899 236 3960 Natu
258 3909 317 3956 tom
339 3901 474 3972 ignorum
497 3901 630 3956 barbaris
648 3935 681 3946 -
708 3907 740 3956 ot
764 3902 846 3957 uobis
870 3917 904 3955 eo
924 3921 994 3972 pars
1010 3903 1136 3959 militiae
1153 3919 1250 3974 guara

25 3984 72 4041 ert,
92 3980 131 4033 et.
151 3975 194 4032 ad
213 3979 240 4041 1,
260 3975 288 4040 5,
307 3977 335 4030 5.
356 3982 385 4029 et
402 3977 429 4041 3,
448 3977 475 4041 5,
494 3978 522 4030 1.
541 3971 711 4041 „Similiter
728 3971 795 4028 Seu.
816 3974 851 4029 de
868 3975 931 4029 sita
949 3976 1031 4030 besta
1049 3992 1073 4034 e.
1093 3979 1139 4050 26,
1173 3976 1248 4030 ss'cut

25 4047 141 4102 lar-bari
155 4047 322 4118 pleramque
340 4045 447 4100 inclusi
465 4052 492 4100 et
509 4044 611 4114 ignari
626 4044 822 4099 machinarum
844 4061 946 4116 segnes
973 4047 1094 4103 laborem
1119 4048 1250 4103 obsidea-

25 4121 94 4172 ts'n
112 4117 276 4190 spedoutf‘
295 4115 372 4174 Πολ.
393 4145 427 4157 -
464 4135 546 4188 quum
568 4116 841 4188 uis'uegllguetur,
869 4127 1064 4189 sperneretur.
1084 4151 1117 4162 -
1154 4117 1250 4172 osmi-

24 4191 94 4244 ts‘aas
111 4189 264 4261 praetecti,
282 4205 403 4243 avarum
419 4191 608 4260 praetecum.
628 4189 673 4244 (11.
693 4187 755 4244 lul.
765 4189 868 4244 111cv.
879 4191 1033 4245 distracta
1049 4208 1103 4262 pro
1114 4207 1250 4246 muer.-

24 4263 199 4318 slstessaster
228 4261 262 4314 in
286 4259 344 4314 us.
369 4261 467 4317 Guell.
493 4270 523 4315 et
548 4261 592 4320 ed.
619 4259 737 4320 Wallh.
763 4263 899 4318 obstante.
918 4293 952 4307 -
988 4264 1127 4318 Amaia
1148 4266 1252 4319 douuus

25 4335 125 4404 muts·
141 4329 278 4418 Rumpi,
296 4334 335 4389 of.
354 4331 392 4390 sd
408 4349 472 4404 cap.
490 4335 535 4394 45.
553 4351 585 4388 n.
604 4337 631 4392 1.
667 4332 823 4390 Auueuloe
839 4335 891 4403 (se
909 4335 1006 4391 maior
1022 4345 1053 4393 et
1068 4335 1183 4407 minor)
1205 4334 1250 4396 ed.
1274 4339 1281 4349 “
