2826 4792
238 195 389 264 aspar
409 195 503 266 xrv.
530 193 607 264 xv.
634 197 688 276 (A.
703 195 828 302 ussa.
849 197 1014 280 saa.)
1193 201 1239 274 ss

37 361 239 436 suspiosbsutur
257 363 374 418 Broter.
393 361 430 420 sd
446 361 477 418 h.
493 362 522 418 1.
535 361 577 418 'b's
598 360 648 418 lor
663 363 699 419 sd
716 379 856 421 mirmur.
876 362 1009 421 sintrio.
1028 381 1058 436 p.
1077 367 1122 424 47.
1141 367 1185 424 ts.
1203 377 1237 424 ot

36 431 147 504 Seytsrt.
172 435 271 490 Grsm.
299 435 322 502 i.
344 436 404 492 lib.
432 453 461 506 p.
481 437 527 492 99.
570 379 647 502 duee
671 436 840 504 oonieotars
862 435 999 490 firmetur
1028 435 1127 492 verbis
1155 439 1234 496 Volii

35 505 68 558 ln
107 506 164 559 'be
183 507 316 592 orthogr.
343 509 374 560 iu
401 504 532 561 Putsohii
555 508 656 577 script.
681 507 727 560 rei
751 523 843 582 pum.
867 523 897 578 p.
916 509 997 564 9998.
1035 508 1182 564 immo
1207 515 1235 564 et

39 525 194 632 itiitere
221 580 352 634 scribitur
376 577 401 636 1,
415 583 443 629 et
462 591 547 644 paene
567 577 596 632 U
611 577 781 632 enuntiatum
807 578 876 631 ande
904 577 967 632 Tib.
987 578 1120 634 Claudius
1142 596 1237 636 ewam

35 649 146 715 pendan
163 651 273 704 literam
287 648 458 713 excogitavit
477 647 589 702 similem
606 648 633 700 ei
650 655 739 714 notae,
765 665 841 716 quam
861 663 917 716 pro
940 650 1236 718 aspiratione'Gruesi

33 727 125 786 meunt,
145 735 193 786 per
216 737 292 790 quarn
316 719 499 773 scriberentur
522 735 572 772 eae
594 735 682 786 uoces,
706 733 774 788 puae
795 734 878 788 neque
904 723 1045 776 seeundum
1073 721 1235 791 erititaten,

35 793 252 856 ermessendem
268 789 486 861 pinguetudinem
505 789 602 843 titsrae
618 797 725 858 sonum,
743 797 773 842 ut
791 791 820 843 in
842 791 944 860 rma,
977 791 1160 858 VIRTUTE,
1187 809 1236 846 ne·

37 876 76 926 pue
95 878 180 914 rursus
201 864 342 916 seeundum
365 862 448 916 tatum
471 861 569 915 literae
594 878 684 915 sonum
709 861 918 930 enuntiarentur,
945 870 975 918 ut
996 867 1027 918 iss
1051 879 1084 914 eo
1108 863 1177 931 pund
1193 871 1236 920 est

36 927 178 1000 LEGEM,
205 933 409 990 SCRIBERE.
451 931 518 988 aaa
543 933 703 987 commenti
728 940 796 988 sunt
819 933 944 988 Ursinus
967 941 998 990 et
1021 933 1161 990 Grallius.
1187 933 1235 990 Gi.

38 999 141 1068 Quintib
162 1011 186 1072 1,
204 1011 233 1072 4,
253 1007 278 1061 7.
299 1007 325 1063 8.
345 1004 444 1075 ibique
463 1003 561 1074 Spald.
590 1036 623 1048 -
648 1019 715 1072 puae
736 1003 807 1069 usui,
832 1022 861 1060 r.
891 1004 926 1058 sd
944 1021 969 1059 e.
987 1007 1013 1064 9
1033 1023 1062 1058 n.
1082 1010 1107 1061 1.
1145 1031 1179 1044 -
1203 1006 1237 1060 in

38 1087 92 1126 sere
103 1075 269 1142 publicandis
287 1075 414 1148 (publice
452 1074 638 1145 soponendis,
658 1074 740 1140 Ere.)
757 1073 912 1142 plebiscitis
927 1092 977 1144 per
994 1077 1059 1142 fara
1075 1092 1109 1129 ae
1135 1078 1236 1144 tempta

38 1145 89 1210 iro,
106 1149 142 1199 ci.
160 1148 195 1202 ab
212 1151 241 1213 9,
260 1149 306 1213 ii,
324 1149 351 1204 2.
371 1154 401 1202 et
419 1092 497 1200 §set
519 1145 619 1202 Claui
639 1150 674 1204 41
692 1153 766 1202 extr.
804 1145 953 1201 Ptebissita
969 1165 1041 1203 roro
1068 1148 1120 1202 sab
1138 1148 1235 1219 Impe-

38 1217 162 1272 ratoribus
185 1217 264 1278 haud
288 1220 373 1272 fectu
418 1217 496 1270 Hine
521 1217 638 1288 Lipsius
663 1234 739 1272 eurr.
763 1217 936 1283 publicandis
959 1218 1049 1286 ssits's,
1078 1218 1127 1274 ssd
1145 1218 1235 1346 lonff

37 1285 124 1341 melius
142 1289 263 1344 Grotius
278 1288 453 1357 publicandis
475 1288 554 1356 ptebi
571 1287 663 1343 SCtis.
689 1305 719 1340 v.
738 1288 774 1342 sb
792 1291 836 1354 12,
854 1291 890 1346 5³
907 1297 982 1346 extr.
1008 1298 1039 1345 st
1065 1291 1103 1344 oi.
1124 1291 1169 1356 tr,
1224 1325 1233 1344 .

36 1355 127 1414 aare
139 1361 259 1429 psbts'so.
277 1359 322 1414 dis
334 1359 490 1429 plebiscitis
507 1358 565 1412 MS.
585 1359 665 1418 Flos.
684 1358 715 1411 in
732 1373 797 1413 aere
805 1360 917 1430 pabtiea
926 1359 1080 1429 piebissitis
1094 1360 1234 1440 MbReg.

471 1511 666 1568 ebear
709 1513 775 1566 XV.

101 1618 225 1684 Retulit
246 1617 367 1684 deiude
397 1619 438 1684 ed
464 1627 616 1684 senatum
640 1638 742 1702 saper
768 1621 913 1708 collegia
939 1621 1166 1706 haruspicum,
1194 1641 1235 1687 ne

37 1706 229 1768 uetustissima
257 1705 378 1770 italiae
404 1703 579 1784 disciplina
608 1722 668 1784 per
695 1703 848 1768 desidiam
875 1706 1077 1770 exolesceret.
1128 1703 1235 1786 Saepe

37 1785 159 1852 aduersis
179 1791 229 1852 rei
245 1787 396 1868 publicae
418 1786 611 1868 temporibus
632 1790 766 1860 accitos,
795 1806 926 1869 quoram
945 1793 1067 1852 monitu
1094 1788 1234 1851 redinte-

35 1879 132 1950 gratas
157 1874 367 1934 caeremonias
395 1880 426 1932 et
453 1873 488 1934 in
514 1879 674 1950 postemm
703 1873 823 1933 rectius
843 1869 989 1933 babitus.-
1017 1873 1266 1954 primoresque-

36 1951 170 2016 btruriae
189 1964 306 2036 spome
326 1961 383 2016 aret
403 1951 537 2018 Petrum
558 1951 767 2016 Romanorum
788 1953 923 2034 impulsu
941 1955 1110 2019 retinuisse
1131 1959 1233 2018 sciere-

38 2037 97 2097 tian
114 2049 143 2100 et
161 2043 196 2102 irs
217 2035 365 2120 familias
383 2056 584 2119 propagasse
591 2061 602 2112 ,·
632 2036 719 2119 quad
743 2056 827 2098 nunc
847 2041 980 2120 segniae
999 2039 1074 2122 fieti
1101 2037 1235 2118 publica

37 2119 106 2180 circa
124 2121 222 2185 bonas
250 2131 340 2184 artes
370 2121 519 2183 socordia
540 2129 571 2182 et
603 2123 680 2201 quia
700 2129 850 2182 externae
876 2125 1122 2201 superstitiones
1149 2121 1234 2184 vale·

36 2211 119 2266 sant.
157 2205 204 2270 Et
227 2205 315 2268 laeta
336 2204 459 2286 quidem
480 2207 516 2267 in
533 2223 686 2284 praesens
707 2205 824 2282 omnia,
852 2205 911 2266 sed
931 2203 1128 2286 benignitati
1146 2205 1235 2268 deum

35 2291 154 2364 gratiam
174 2287 389 2370 referendam,
423 2289 567 2352 neritus
593 2305 756 2350 sacrorum
782 2289 868 2353 inter
889 2286 1039 2368 ambigua
1066 2287 1146 2352 caiti
1174 2307 1236 2370 per

34 2385 167 2450 prospera
186 2371 449 2436 obliterarentur.
493 2371 627 2432 Factum
649 2388 690 2430 ex
713 2387 752 2431 eo
780 2369 1146 2445 senatusconsultum
1186 2371 1235 2436 oi·

35 2451 125 2516 desert
142 2457 329 2540 pontifices,
351 2472 432 2536 quae
453 2453 620 2516 retinenda
640 2451 1091 2541 firmandaqaexbaruspisam.

89 2575 113 2628 1.
131 2573 252 2638 sottegio
269 2570 449 2636 bampimm,
468 2569 504 2624 sle
523 2586 581 2641 quo
605 2589 633 2626 v.
654 2569 743 2626 Ottfr.
762 2570 884 2624 Miller:
908 2569 956 2625 die
979 2569 1124 2625 Etrusksr
1142 2568 1175 2622 T.
1194 2569 1234 2623 11.

34 2657 57 2710 p.
71 2643 86 2696 4
102 2662 141 2716 sq.
159 2643 314 2712 aruspicum
340 2641 398 2695 MS.
416 2641 524 2704 ,Gueli
551 2647 581 2694 et
608 2640 672 2696 sib.
697 2649 756 2696 vet.
782 2651 850 2696 ente
868 2642 946 2712 Lips.
984 2641 1040 2696 Sed
1066 2641 1235 2708 baruspisuns

34 2715 124 2768 rectius
142 2716 288 2786 seriptum
307 2714 339 2768 iu
358 2712 435 2784 lapp.
454 2721 484 2767 et
501 2713 619 2782 optimis
639 2710 717 2768 MSS.
746 2713 813 2784 qais
832 2712 993 2782 saperdotss
1019 2711 1067 2764 illi
1092 2713 1133 2766 its
1160 2711 1234 2766 dieti

35 2786 203 2852 sonabas,
223 2785 402 2850 sedbaruga
420 2805 442 2842 s.
460 2783 591 2848 baraiga,
610 2781 717 2850 hostie,
745 2785 778 2837 in
795 2783 874 2848 bara,
900 2783 1023 2852 stpbulo,
1049 2781 1162 2835 includi
1188 2798 1234 2836 so·

34 2853 85 2917 lits,
102 2859 178 2912 stab
196 2859 346 2923 inspicere,
365 2857 391 2909 si
408 2855 478 2910 fides
496 2853 625 2908 hsbsruh
643 2853 730 2909 Festo
750 2863 780 2908 et
797 2855 909 2909 Donato
928 2855 964 2909 sd
981 2854 1099 2909 Terent
1114 2853 1233 2906 Phorm.

33 2927 53 2988 4,
68 2929 90 2990 4,
107 2931 147 2984 18.
166 2927 213 2982 Cf.
232 2927 325 2982 Perie.
345 2927 381 2980 ab
398 2927 510 2980 Aelisn.
538 2926 570 2977 V.
590 2927 626 2979 11.
646 2928 674 2991 2,
692 2929 736 2982 31.
757 2925 924 2992 Haruspices
946 2929 1025 2980 enim
1047 2941 1085 2978 ex
1103 2925 1234 2990 inspeetis

33 2999 100 3064 extis,
117 3001 146 3052 in
163 3000 272 3072 primis
287 2999 439 3122 Sulmone,
457 2999 555 3051 iecore
574 3004 604 3053 et
622 2995 717 3062 corde,
736 2997 836 3051 futuru
857 2998 1063 3067 praedicebant
1085 3003 1115 3050 et
1141 2997 1234 3050 iuter·

33 3069 212 3136 pretabentur,
234 3072 285 3141 qui
325 3069 485 3140 quibusque
504 3068 672 3123 ostendatur
689 3070 837 3133 monstris,
878 3069 940 3122 rod'
964 3070 1011 3136 iis,
1030 3067 1184 3136 portentis,
1203 3073 1234 3122 et

33 3139 117 3206 quibus
133 3140 241 3196 hostiis
262 3139 471 3194 immolandum
491 3139 596 3208 cuique
614 3139 679 3194 ‹loo-
699 3158 726 3194 v.
745 3139 809 3192 loca
835 3086 918 3194 cssss.
961 3139 1047 3195 uosni
1065 3143 1091 3203 1,
1116 3139 1168 3194 ⁶21
1187 3153 1231 3208 sq.

33 3207 142 3266 turenal.
161 3217 188 3278 6,
207 3215 264 3278 548
282 3230 325 3282 sq.
364 3211 423 3267 Cio.
452 3209 487 3264 do
513 3209 632 3332 herusp.
657 3227 734 3280 resp.
754 3213 781 3267 9.
807 3209 842 3263 de
859 3209 919 3264 biv.
944 3216 970 3278 l,
995 3213 1038 3268 39.
1066 3212 1110 3266 41.
1135 3211 1180 3266 68.
1204 3210 1233 3274 2,

33 3281 65 3338 22.
89 3282 120 3336 be
144 3284 203 3361 leg.
231 3287 260 3350 2,
291 3287 331 3339 12
370 3283 415 3338 cf.
440 3281 526 3338 Ottir.
557 3283 605 3334 biii
620 3281 680 3336 ler:
713 3279 761 3335 die
783 3279 929 3336 Etrusker
965 3280 1000 3334 Τ.
1024 3282 1063 3335 ll.
1087 3297 1117 3352 p.
1138 3283 1164 3337 9·
1188 3281 1233 3336 1².
1308 3307 1311 3322 ·

34 3382 58 3394 -
73 3356 247 3410 retestissima
265 3353 366 3408 itatius
386 3353 546 3420 disciplina,
571 3361 606 3406 ut
629 3368 676 3405 ars
699 3359 806 3404 uetusta
834 3369 880 3423 ep.
906 3352 960 3407 sil.
981 3355 1088 3419 1,123.
1113 3369 1181 3406 nom
1200 3367 1234 3405 es

34 3421 77 3478 arn
93 3425 168 3480 Peles
192 3429 216 3479 ‘s
237 3427 270 3480 in
289 3443 344 3478 asu
361 3425 428 3480 ruit.
449 3455 480 3467 -
500 3439 583 3491 saepe
600 3422 724 3476 adversis
741 3422 784 3477 rei
800 3425 873 3488 pubt.
893 3423 1056 3492 temporibus
1074 3423 1180 3476 accitos
1197 3439 1234 3476 ex

34 3491 133 3550 Etruria
150 3498 214 3552 scil.
235 3495 342 3551 retulit
361 3495 394 3550 ab
414 3503 554 3552 senatum.
591 3493 637 3548 ltu
654 3503 738 3548 vetus
756 3495 817 3548 ood-
837 3487 914 3552 Urs?¹
930 3504 961 3551 st
988 3495 1051 3552 sta
1079 3509 1158 3548 ree„
1176 3491 1234 3546 sed

35 3567 114 3620 assitis
130 3568 210 3624 MSS.
230 3577 262 3624 et
279 3567 343 3622 edd.
361 3575 420 3620 vot.
440 3574 506 3621 suto
524 3565 660 3620 Freinsh.
699 3565 760 3632 „la
778 3581 837 3622 nou
855 3566 1010 3621 absurdum
1028 3573 1074 3620 est
1091 3573 1121 3620 et
1138 3581 1233 3619 suun·

35 3635 75 3689 tist
90 3642 243 3706 rationem,
264 3656 319 3693 cur
337 3638 473 3692 Claudius
492 3638 527 3691 sd
545 3646 675 3692 senatum
693 3639 815 3700 referet,
832 3654 866 3691 ne
886 3667 918 3676 -
937 3639 1112 3702 erubesceret,
1140 3651 1233 3709 quum

34 3719 96 3774 ssepe
112 3742 141 3753 -
161 3711 252 3764 acciti
269 3711 324 3762 siat
342 3707 544 3782 haruspices.“
569 3707 674 3762 Wattb.
712 3708 768 3762 Ars
795 3725 865 3764 vero
892 3707 1080 3779 haruspicum
1106 3703 1232 3762 maxime

35 3781 127 3835 exsulta
144 3785 178 3838 sb
195 3781 353 3848 Etruscis3
377 3782 454 3836 unde
482 3781 514 3833 in
536 3779 621 3835 rebus
682 3779 828 3834 sevissimis
854 3797 888 3834 ox
913 3781 976 3853 ipss
994 3777 1116 3832 Etruria
1141 3779 1232 3832 acciri

35 3849 141 3905 solebant
159 3853 214 3908 har
273 3853 340 3906 iees.
370 3853 413 3906 ct.
433 3853 496 3908 aiv.
517 3853 544 3918 5,
566 3854 606 3909 15.
626 3857 641 3908 l
662 3889 668 3902 ·
688 3854 714 3916 9,
733 3852 776 3906 36.
797 3855 841 3917 27,
865 3853 909 3906 3⁷.
936 3851 996 3907 cio.
1019 3849 1171 3916 041118.
1197 3848 1233 3903 de
1308 3852 1312 3858 “

36 3915 127 4000 bemp.
144 3943 226 3996 resp.
266 3927 294 3990 2,
312 3925 356 3979 25.
375 3923 410 3978 de
429 3924 488 4000 leg.
508 3925 534 3987 2
553 3927 580 3979 9.
600 3923 636 3978 de
654 3922 711 3976 div.
731 3925 758 3988 l,
777 3923 802 3978 2.
822 3925 866 3978 41.
885 3924 928 3979 42
947 3925 975 3987 ⁶2,
994 3924 1037 3978 93.
1064 3953 1096 3965 -
1117 3920 1231 3974 rectius:

37 4009 58 4044 to
77 3995 115 4048 eb
141 3996 218 4068 Spir.
238 3997 381 4052 rectiores.
411 4023 443 4034 -
465 3993 646 4062 primoresque
668 3991 849 4047 Etruriae-
867 4007 1050 4061 propagasse,
1084 3991 1122 4049 ef.
1150 3991 1232 4045 lomus

38 4061 100 4116 class.
122 4067 181 4126 cie.
209 4067 247 4122 sle
272 4067 329 4123 dir.
350 4071 376 4132 l,
401 4069 443 4124 41.
480 4066 555 4119 Bene
582 4065 655 4132 apud
676 4063 791 4118 maiores
807 4072 914 4119 nostros
938 4068 1049 4117 senatus
1072 4070 1135 4128 tum,
1158 4078 1234 4129 auum

37 4133 124 4190 areta
140 4139 293 4207 inperium,
312 4137 348 4204 (s.
368 4137 404 4194 U.
423 4137 501 4205 sab.)
525 4137 653 4202 decrevit,
678 4141 707 4190 at
730 4135 765 4188 de
788 4135 937 4204 principum
953 4133 1024 4199 filiis
1040 4149 1090 4187 ses
1113 4133 1234 4199 angulis

38 4203 142 4262 ituriae
157 4209 269 4278 papulis
285 4210 314 4262 in
333 4209 503 4276 disciplinam
521 4208 700 4274 traderentur,
727 4223 761 4260 ne
786 4223 834 4261 ars
851 4213 929 4260 tanta
950 4211 1060 4274 propter
1078 4205 1233 4260 tmuitatere

38 4271 141 4334 Mna
157 4298 176 4334 a
192 4277 346 4346 religionis
363 4281 524 4336 maritate
552 4279 729 4334 abduceretur
752 4279 791 4334 ad
813 4279 955 4334 mercedem
978 4283 1061 4344 atque
1089 4281 1231 4344 quaestam.

63 4377 119 4446 opp.
140 4381 206 4439 Tae.
229 4381 263 4436 T.
276 4379 314 4434 11.
421 4413 425 4418 ·
1024 4365 1054 4474 ,3
