2854 4788
262 209 602 286 carurx-xu
627 215 1013 312 (nemancos.)
1094 239 1096 254 ·
1128 293 1157 316 ..
1183 221 1248 290 ars

19 389 128 460 posita.
162 395 337 458 propereque
353 383 387 442 in
403 382 531 455 singulis
547 337 604 441 MS.
624 383 727 444 Gueli.
745 400 762 441 a
779 400 819 444 an.
838 399 895 440 sec.
913 393 943 442 et
960 385 1006 444 ed.
1023 385 1102 460 Spir.
1125 389 1248 448 boMneie

22 462 87 516 edd.
108 459 250 531 quaedam
268 475 381 514 rec·
416 458 521 514 tabenti
538 458 660 524 arsinoae,
677 475 707 513 r.
725 458 762 512 ad
779 460 917 524 3,33,1.
939 467 970 514 et
987 463 1015 527 3,
1033 463 1079 530 ib,
1098 455 1177 518 1.¹-‘
1213 471 1246 520 ut
1317 489 1326 509 e
1419 500 1420 514 .

21 534 216 600 relinquerent
236 547 335 586 omnes
353 527 432 588 MSS.
451 539 482 585 et
499 530 562 588 edd.
581 537 699 602 praeter
716 528 793 586 MSS.
812 529 891 583 Flor.
911 527 996 588 corb.
1014 533 1086 590 Bud.
1106 533 1170 588 edd.
1189 535 1247 592 lac.

22 607 115 660 Gron.
134 612 166 660 et
182 601 299 658 Waltb.
320 603 353 655 in
371 601 476 673 quibus
493 608 539 658 est
556 602 729 674 relinqueret
746 617 785 654 sc.
804 601 902 656 anima
922 611 990 671 post
1008 605 1128 662 exitum.
1164 607 1247 674 „Hoc

23 693 128 730 renum
153 681 211 728 eet:
243 673 353 728 etenim
375 689 475 728 omnes
499 674 618 744 quidem
640 673 836 743 precabantur
858 671 969 728 labenti
990 677 1103 731 mirum
1121 677 1247 734 celerem

24 749 137 803 exitum
157 745 224 800 scil.
243 746 367 816 quisque
385 762 463 811 suae,
480 761 540 798 non
558 753 656 800 tamen
671 759 704 798 eo
723 743 855 809 oonsilio,
874 753 909 798 ut
926 761 1025 800 omnes
1042 747 1248 820 relinquerent

23 835 90 874 snos
110 817 295 889 superstites,
321 817 371 871 sed
393 823 428 870 ut
455 817 577 888 quisque
602 832 669 872 suos
691 817 882 886 relinqueret.
917 817 992 872 Nam
1015 818 1042 871 ai
1060 835 1159 874 omnes
1177 821 1248 877 reli-

22 891 160 962 quissent
177 905 243 942 euoe
263 889 446 973 superstites,
464 904 551 942 nemo
570 897 717 960 superstes
734 886 868 941 luisset-‘⁴
890 887 997 942 Waltlo·
1033 888 1090 946 Sed
1110 891 1248 968 vulgatae

23 961 163 1016 lectionis
182 968 327 1015 sententie
343 959 543 1014 videturesse
562 957 653 1014 baec.-
670 965 701 1012 ut
718 959 916 1026 relinquerent,
944 969 979 1014 ut
1005 961 1129 1033 quisque
1155 965 1248 1018 relin—

23 1039 139 1103 queret,
157 1046 225 1086 euoa
241 1030 407 1102 superstites
425 1037 452 1084 et
468 1030 624 1086 morineroe
640 1038 708 1102 post
725 1047 766 1096 se,
785 1030 815 1084 ln
829 1047 853 1086 e.
873 1032 996 1104 quisque
1013 1033 1195 1104 precabatur,
1214 1043 1249 1090 ut

22 1106 141 1174 primus
160 1103 262 1158 obiret.
299 1102 494 1188 „Precabatur
512 1100 621 1170 Sextia,
640 1111 674 1156 ut
690 1102 724 1156 L.
739 1104 875 1188 Veterem
892 1121 1033 1188 generum
1050 1113 1080 1160 et
1092 1104 1249 1190 Pollutiam

23 1175 214 1300 titini..
229 1174 1186 1318 sustinens.anneigistetethn
1214 1186 1250 1231 ¹²²

96 1319 125 1374 3.
156 1316 338 1388 Seruauitque
365 1319 492 1372 ordinem
516 1319 641 1386 fortuna,
671 1334 705 1370 oc
721 1317 830 1384 senior,
858 1315 965 1384 Sextia,
990 1319 1085 1388 priua,
1108 1326 1176 1388 oum,
1201 1319 1250 1374 cui
1342 1365 1345 1372 ,

22 1389 121 1459 prima
140 1395 229 1456 cetae,
248 1390 300 1460 qui
318 1391 431 1461 primus
450 1397 542 1445 aetate
553 1391 621 1456 tuit,
640 1390 673 1448 L.
683 1391 774 1444 Vetus
788 1397 882 1460 pater,
903 1391 1133 1458 exstinguuntur3
1151 1393 1250 1462 itaque
1337 1415 1343 1420 ·

24 1469 174 1532 postremo
191 1461 321 1516 Pollutie
338 1461 409 1518 filie.
437 1462 493 1516 Sed
510 1462 670 1533 probabilis
689 1469 733 1515 est
751 1460 915 1516 emendatio
926 1461 1067 1517 Acidalii:
1086 1463 1135 1516 cni
1149 1463 1250 1531 prose·-

24 1549 72 1585 mo
92 1539 184 1599 aetas,
211 1540 241 1587 et
260 1550 275 1586 e
294 1533 466 1605 compendio
485 1535 648 1604 scripturae
665 1541 787 1602 utraque
806 1532 894 1586 lectio
912 1535 992 1586 nasci
1009 1537 1117 1604 potuit.
1152 1535 1252 1590 senior

25 1605 84 1658 MS.
103 1605 175 1689 Agr.
195 1619 351 1676 omnesque
374 1605 437 1659 edd.
457 1613 523 1659 ante
547 1605 643 1659 Oberl.
671 1621 766 1675 neque
784 1603 866 1659 aliud
884 1621 900 1658 e
917 1603 974 1660 MS.
993 1606 1074 1664 Flor.
1095 1607 1250 1677 quisquam

26 1683 159 1731 enotavit
176 1684 294 1746 praeter
310 1675 468 1748 Ryckium,
488 1676 540 1747 qui
558 1677 667 1730 seniore
685 1677 718 1728 in
737 1692 770 1730 eo
790 1684 901 1730 exstare
920 1674 999 1733 dicit.
1026 1677 1055 1732 le
1073 1686 1172 1732 temen
1190 1695 1250 1733 non

25 1748 126 1820 ipsum
145 1747 275 1802 codicem
299 1766 388 1802 manu
413 1749 553 1812 versavit,
581 1747 632 1802 sed
658 1763 727 1800 exce
765 1755 795 1800 ta
819 1749 848 1802 ei
867 1748 1048 1818 suppeditata
1066 1767 1082 1802 a
1099 1749 1155 1802 Iac.
1175 1750 1251 1804 Gro-

25 1819 128 1886 noviu,
161 1820 213 1889 qui
239 1819 275 1872 ad
301 1816 330 1874 h.
358 1820 379 1876 l.
411 1819 512 1876 nouit.
555 1818 694 1872 seniorem
718 1821 746 1871 M
769 1856 775 1870 .
800 1817 872 1872 Bud.
896 1819 976 1872 eonii
1000 1819 1061 1874 MS.
1089 1819 1189 1874 Gueli.
1214 1839 1251 1876 ox

26 1906 86 1961 quo
115 1890 286 1962 compendio
317 1893 481 1962 scripturae
503 1891 629 1946 varietas
658 1898 722 1944 orta
747 1881 877 1944 videtur.
915 1883 1050 1945 senioree'
1065 1892 1127 1945 edd.
1154 1893 1253 1950 Oberl.
1360 1899 1364 1906 “

26 1979 92 2032 sqq.
113 1979 149 2016 ex
167 1961 279 2017 emend.
298 1959 434 2017 Acidalii.
473 1961 624 2029 „Seniores
651 1961 863 2037 intelliguntur
887 1959 985 2017 Sextia
1013 1965 1157 2018 etvetus.
1194 1963 1253 2020 Sed

25 2042 93 2086 tum
112 2034 144 2086 in
162 2033 248 2088 dubio
266 2042 374 2098 manet,
408 2041 510 2087 utrum
534 2035 622 2088 Vetus
650 2051 687 2086 en
704 2033 802 2088 Sextia
816 2033 903 2103 prius
928 2033 1095 2089 decesserit.
1132 2035 1251 2092 Tacitus

26 2114 127 2158 tamen
145 2103 288 2176 expressis
306 2105 403 2159 verbis
431 2103 536 2160 scribit
559 2110 699 2160 emotum
717 2105 852 2160 ordinem.
887 2104 1057 2161 Accuratius
1085 2108 1180 2182 igitur
1203 2107 1253 2162 de-

26 2175 113 2230 bebat
136 2175 225 2229 illum
251 2175 383 2230 ordinem
402 2193 559 2248 exponere.
595 2176 723 2230 Primam
747 2183 867 2230 oetatem
891 2177 1040 2250 explicant
1067 2178 1253 2234 iuventutern

27 2247 93 2300 scil.
114 2245 266 2303 Pollutiee.
305 2246 363 2302 Sed
384 2249 481 2317 primo
503 2254 585 2301 oetas
609 2256 653 2303 est
676 2249 810 2314 infantia,
840 2265 900 2302 non
927 2251 1073 2318 iuventus,
1097 2267 1152 2304 nec
1168 2259 1252 2322 puto,
1351 2253 1356 2259 '

28 2317 84 2370 illo
105 2335 190 2374 sensu
205 2317 331 2387 primum
348 2327 465 2374 aetatem
482 2319 574 2372 tribui
592 2336 676 2391 posse
695 2319 871 2376 Pollutiae.“
893 2319 1000 2374 Wann
1033 2321 1253 2392 exstinguuntur

26 2389 107 2444 MSS.
129 2390 213 2444 corb.
232 2387 313 2447 Harl.
333 2390 417 2444 Bodl.
437 2391 500 2446 edd.
519 2390 582 2447 Put.
603 2396 628 2447 1.
646 2394 672 2445 3.
692 2393 758 2445 Ber.
777 2391 828 2457 (ad
846 2409 933 2463 quam
951 2393 1036 2446 siluit
1052 2395 1141 2458 Vico.)
1159 2393 1252 2448 Rhen.

26 2465 54 2517 l.
73 2463 101 2515 3.
121 2465 147 2518 3.
168 2477 230 2530 sqq.
266 2462 464 2530 exstinguitur
480 2459 558 2516 MSS.
578 2462 633 2516 les.
651 2461 722 2516 Bud.
742 2462 840 2516 Guelf.
852 2465 923 2539 Agr.
943 2472 973 2517 et
991 2464 1034 2518 ed
1053 2465 1130 2536 Spir.
1151 2463 1183 2517 in
1197 2482 1254 2536 qus

27 2549 185 2604 perperam
202 2541 345 2602 punctum
362 2543 428 2605 post
445 2533 527 2604 prius
545 2535 685 2604 positum.
705 2565 739 2576 -
771 2539 803 2586 ut
819 2549 897 2587 more
914 2533 1057 2588 neoiorurn
1071 2534 1253 2604 punirentur,

28 2621 57 2658 r.
76 2603 116 2657 ad
131 2605 160 2670 3,
178 2607 223 2668 33,
238 2607 264 2659 3.
285 2635 315 2650 -
345 2611 372 2658 et
389 2603 476 2671 Nero,
495 2605 545 2660 sed
562 2605 599 2661 N.
629 2602 884 2670 cf.at1,1³,t.
905 2631 939 2643 -
974 2613 1094 2659 mortem
1116 2605 1181 2659 eine
1204 2623 1254 2660 or-

29 2675 107 2729 bitro
123 2675 295 2744 permittens
313 2676 416 2742 cuiuis,
435 2674 570 2742 liberam,
590 2675 786 2742 arbitrariam,
806 2693 822 2730 e
840 2691 891 2730 suo
910 2675 1063 2746 cuiusque,
1079 2692 1138 2730 non
1156 2675 1254 2734 alieno

28 2747 153 2800 arbitrio
170 2748 355 2817 pendentem.
375 2747 419 2801 Gi.
438 2751 465 2814 1,
484 2749 528 2802 33.
548 2749 592 2814 13,
612 2749 655 2804 17.
675 2745 711 2802 ll.
730 2749 757 2811 i,
775 2749 819 2804 31.
857 2747 919 2800 eine
938 2748 1049 2801 arbitro
1071 2747 1151 2802 MSS.
1170 2747 1252 2807 Flor.

29 2823 117 2880 (teste
136 2815 230 2884 Picb.)
254 2817 336 2874 Bodl.
363 2817 416 2872 les.
446 2817 508 2873 edd·
534 2819 598 2874 Put.
618 2822 644 2874 1.
662 2821 690 2876 3.
713 2817 794 2871 Picb.
821 2817 944 2894 Berneg.
971 2814 1064 2888 Ryck.
1089 2819 1163 2872 Ern.
1188 2837 1252 2946 sqq.

29 2890 108 2958 quod
125 2891 216 2943 etiam
234 2891 400 2944 coniecerat
416 2889 542 2960 Lipsius.
578 2889 641 2944 eine
659 2889 782 2944 arbitrio
800 2887 878 2948 MSS.
897 2887 967 2947 But
983 2891 1081 2946 Gueli.
1099 2890 1204 2966 Agne
1244 2931 1253 2950 .

29 2959 110 3030 Spir.
128 2959 195 3030 Ber.
216 2959 269 3024 (ad
294 2978 379 3032 quam
398 2947 496 3015 'tacuit
514 2960 601 3026 Vict.)
625 2960 719 3016 Rhen.
739 2967 763 3017 1.
784 2963 810 3018 3.
830 2963 857 3018 3.
884 2961 951 3016 Ald.
970 2961 1051 3034 Lips.
1072 2962 1163 3019 Gron.
1201 2979 1253 3018 suo

29 3031 154 3086 arbitrio
171 3031 296 3086 malebat
314 3031 498 3097 Torrentius,
526 3031 615 3086 libero
639 3033 766 3087 arbitrio
789 3032 893 3102 Faber,
918 3031 1006 3102 (Sem.
1026 3040 1055 3098 1,
1073 3035 1098 3091 4·
1118 3035 1143 3100 2,
1163 3029 1206 3102 7.)
1225 3042 1255 3089 et

29 3109 149 3157 mortem
166 3103 230 3156 eine
247 3102 371 3158 arbitrio
390 3103 535 3166 reeeeittene
554 3103 721 3160 Gronovius
746 3104 818 3158 obss.
838 3109 866 3172 t,
882 3108 910 3160 3.
936 3103 986 3158 ubi
1011 3105 1083 3161 baec
1102 3103 1144 3160 ita
1161 3107 1254 3159 inten-

29 3183 181 3246 pretatur:
209 3175 365 3230 remittens
384 3173 502 3230 decreto
520 3173 671 3230 definitam
688 3183 825 3242 mortem,
850 3178 933 3230 cuius
951 3176 1107 3232 arbitrium
1125 3193 1183 3231 non
1202 3177 1255 3232 ha-

30 3247 137 3302 bereut
155 3247 223 3317 ipsi,
242 3253 293 3300 aut
310 3263 348 3302 ne
364 3252 552 3302 morerentur
570 3249 689 3318 optione
707 3248 783 3302 certi
801 3249 919 3324 generis
936 3250 1042 3304 mortis
1059 3247 1132 3322 ipsis
1148 3250 1252 3309 ablate.

482 3388 674 3444 cArU'r
718 3389 800 3444 xtl.

113 3495 151 3562 P.
181 3494 295 3560 Gallus
329 3495 436 3578 Eques
468 3497 648 3578 Romanus,
684 3497 775 3580 quod
802 3499 903 3562 Fenio
936 3499 1023 3563 Rufo
1054 3503 1191 3568 intimus
1220 3513 1256 3567 et

29 3579 152 3642 Veteri
172 3599 241 3642 non
261 3581 389 3642 alienus
410 3583 531 3660 iuerat,
558 3601 642 3665 aqua
672 3591 771 3666 atque
790 3583 863 3669 igni
883 3583 1071 3666 prohibitus
1093 3596 1154 3652 est.
1196 3587 1255 3650 Li-

29 3663 129 3725 berto
157 3671 191 3725 et
220 3665 409 3726 accusatori
439 3665 627 3748 praemium
654 3685 789 3748 operae,
828 3667 922 3730 locus
950 3670 988 3730 in
1009 3668 1142 3732 theatro
1163 3673 1255 3734 inter

30 3747 180 3808 viatores
212 3747 425 3820 tribunicios,
454 3747 564 3812 datur.
606 3748 649 3809 Et
676 3751 811 3828 mensis,
839 3751 899 3830 qui
927 3748 1075 3833 Aprilem
1097 3751 1256 3818 eundern-

33 3848 98 3910 que
125 3829 322 3892 Neroneum
349 3832 561 3913 sequebatur,
595 3829 708 3893 Mains
738 3829 883 3910 Claudii,
922 3832 1038 3898 Iunius
1071 3835 1256 3902 Germanici

33 3913 206 3974 uocabulis
227 3919 414 3992 mutantur,
437 3915 635 3978 testificante
656 3913 812 3978 Cornelio
834 3913 954 3994 Orfito,
982 3919 1041 3999 qui
1061 3917 1098 3982 id
1117 3939 1255 3984 censue·

35 4003 99 4074 rat,
120 3993 197 4058 ideo
213 3993 353 4057 lunium
374 4017 521 4059 mensem
543 3999 785 4078 transmissum,
815 4002 892 4082 quia
913 3998 980 4064 duo
1002 4003 1069 4063 iam
1091 4001 1256 4086 Torquati

34 4077 79 4138 ob
99 4080 227 4141 scelera
246 4079 418 4144 interiecti
438 4083 619 4144 infaustum
639 4087 761 4144 nomen
781 4079 917 4146 Iunium
937 4085 1103 4160 iecissent.

105 4183 131 4236 1.
157 4177 247 4234 Fenio
264 4177 350 4248 liufo,
373 4199 402 4238 r.
423 4183 468 4248 15,
488 4183 531 4239 33.
550 4185 595 4241 38.
622 4187 650 4237 et
666 4181 699 4240 lu.
718 4181 847 4238 Antistio
869 4183 969 4240 Veteri
994 4182 1035 4252 (c.
1055 4187 1099 4242 lo.
1118 4184 1176 4252 11.)
1198 4201 1256 4240 non

36 4249 158 4320 atienae,
176 4268 207 4303 r.
225 4249 263 4306 ad
279 4251 316 4306 11.
335 4255 364 4318 3,
381 4255 417 4310 33
435 4261 511 4311 extr.
529 4285 563 4298 -
599 4269 675 4324 aquo
691 4261 775 4326 etque
791 4253 858 4324 igni
872 4254 1035 4326 prohibitur
1052 4263 1105 4324 eet,
1126 4275 1154 4310 r.
1173 4258 1254 4324 ada,

33 4323 82 4392 33,
99 4326 125 4380 3.
162 4321 241 4392 igni,
274 4341 303 4379 r.
329 4321 364 4378 ad
385 4329 414 4393 3,
432 4328 479 4394 31,
497 4329 522 4382 l.
542 4353 576 4366 -
612 4327 690 4390 loeus
707 4326 741 4382 in
763 4323 876 4384 theatro
891 4327 972 4385 inter
987 4327 1114 4385 nidores
1129 4327 1256 4385 tritoni·
