2872 4786
207 272 353 386 cseur
372 273 520 358 xxvn.
543 272 701 340 xxv1u.
725 273 778 354 (s.
801 274 841 343 o.
863 235 935 342 eso.
957 277 996 342 n.
1016 274 1053 343 c.
1075 277 1142 354 so.)
1222 277 1285 344 sm

67 441 175 508 silicas,
202 457 230 496 v·
256 438 292 495 sd
316 443 344 506 3,
371 443 415 506 Ι12,
442 444 466 497 1.
497 439 669 495 For-collini.
698 443 768 496 Lex.
795 411 825 496 st
846 441 931 496 Rom
956 443 1029 498 und
1046 443 1190 498 hstium
1208 444 1284 498 ‘ron

7 611 8 614 Ἴ
67 511 526 640 Etulztdoffiuud'SicklerT.
544 513 568 566 1.
586 530 616 582 p.
634 513 695 570 4113.
715 514 846 568 -cunes'
862 513 1012 580 militares,
1035 533 1064 570 r.
1094 514 1131 570 ad
1147 519 1175 584 1,
1193 517 1239 584 51,
1257 519 1283 572 1.

138 709 165 766 2.
186 709 223 761 Et
249 711 344 763 oratio
361 706 510 776 Principis
537 725 589 778 per
614 717 787 779 quaestorem
812 711 872 764 eius
900 709 1022 765 recitato
1046 718 1076 766 st
1098 711 1201 766 audita
1226 718 1284 766 ests

66 779 309 850 quemadmodum
326 781 405 834 enim
423 780 650 851 proconsulibus·
669 780 741 834 olim
765 789 794 834 et
822 781 1046 852 imperatoribus
1071 781 1131 837 doti
1150 790 1284 854 quaesto-

66 869 127 916 res,
146 851 188 904 ita
205 859 235 904 et
252 852 399 926 Augustus
417 851 566 921 ceterique
585 851 745 921 Principes,
770 869 860 922 quum
885 853 943 922 ipsi
969 854 1159 922 proconsules
1185 859 1285 910 essent

67 932 97 975 st
115 923 316 993 isuperstores,
334 924 381 976 usi
399 931 467 976 sunt
485 930 784 992 opers'quaestorsun,
812 924 864 993 qui
881 921 931 976 vel
948 923 1050 977 fiscum
1078 932 1216 978 curarent
1234 942 1283 978 rs·

66 995 221 1063 tionesque
241 993 428 1058 conficerent,
455 992 504 1046 rel
528 993 696 1064 Principum
724 995 879 1058 orationes,
906 993 1023 1050 libellos
1048 1003 1078 1049 et
1096 995 1232 1064 epistolas
1251 995 1284 1048 in
1371 1024 1373 1035 ι

67 1073 170 1117 senatu
187 1065 356 1119 recitarent.
393 1064 432 1118 lli
451 1063 620 1117 dicebantur
646 1071 807 1132 quaestores
826 1059 980 1130 candidati,
1007 1065 1084 1136 quod
1107 1067 1138 1120 s'n
1162 1065 1284 1120 candida

66 1142 136 1211 toga
157 1136 298 1202 petebant,
328 1151 409 1206 quum
431 1137 519 1189 ceteri
541 1136 574 1188 in
607 1137 816 1206 cmnpetitorum
846 1151 937 1206 grege
965 1139 1091 1202 laterem,
1122 1135 1283 1207 (Spartisu.

67 1206 155 1261 liade.
176 1222 201 1258 c.
221 1207 260 1268 3.)
280 1215 308 1260 et
327 1213 486 1275 quaestores
504 1206 651 1260 candidati
668 1206 821 1276 Principis,
851 1209 988 1279 quoniam
1007 1225 1024 1261 a
1043 1207 1179 1279 Principe
1204 1223 1285 1261 com·

67 1275 278 1330 mundabantur
296 1278 358 1332 sine
377 1278 495 1349 repulsa
513 1286 543 1333 et
560 1278 669 1331 ambitu
686 1278 873 1354 designandi3
900 1283 940 1345 (1,
959 1281 1016 1343 15.)
1044 1286 1078 1331 ut
1094 1286 1238 1348 praetores
1255 1286 1285 1334 et

66 1348 176 1402 trihuni
193 1347 339 1401 candidati
357 1347 507 1416 Principis.
545 1349 570 1404 Α
588 1349 779 1402 Constantino
796 1353 832 1403 Μ.
852 1350 983 1402 instituti
1001 1348 1104 1403 deinde
1122 1357 1285 1421 quaestores

66 1419 173 1486 palatii
190 1419 220 1472 ‹li
263 1421 333 1474 itate
351 1423 476 1474 maiores
495 1427 525 1473 et
542 1419 667 1474 Comites
687 1421 907 1474 consistoriani.
934 1421 980 1475 ct.
1000 1418 1179 1482 111οὸ425.
1205 1419 1284 1476 Suet.

67 1491 99 1542 in
117 1488 190 1566 Aug.
209 1439 261 1547 ἓ
277 1493 310 1543 in
327 1491 397 1547 Ner.
419 1492 460 1548 15.
485 1489 576 1544 Voles.
596 1491 632 1544 ad
650 1491 791 1545 Ammien.
817 1493 904 1548 Marc.
930 1493 975 1553 211,
993 1494 1022 1555 9,
1038 1495 1065 1547 4.
1089 1492 1233 1563 Ulpianus
1253 1491 1285 1544 in

68 1561 135 1636 Dig.
154 1561 176 1612 l.
197 1567 220 1617 l.
246 1563 292 1615 tit.
316 1565 359 1618 12.
384 1566 426 1619 13.
457 1562 493 1615 de
516 1561 565 1618 off.
585 1571 694 1632 quaest.
713 1567 835 1616 Messon.
861 1563 914 1616 vit.
938 1561 1013 1614 Plin.
1031 1579 1060 1632 p.
1079 1566 1122 1620 53.
1160 1561 1284 1618 Guther.

69 1631 102 1684 de
121 1628 170 1684 off.
190 1630 265 1685 dom.
284 1631 358 1710 Aug.
377 1635 405 1697 2,
424 1636 466 1688 le.
488 1631 636 1701 Campian.
658 1633 692 1686 de
711 1633 759 1686 off.
780 1640 809 1686 et
825 1640 887 1704 pot.
907 1650 986 1708 mag.
1002 1632 1084 1686 Rom.
1102 1651 1132 1704 p.
1146 1635 1208 1690 201.
1220 1635 1283 1690 202
1351 1689 1356 1696 ,

67 1733 100 1744 -
121 1718 264 1772 eorumque
283 1704 405 1770 exemplo
423 1703 538 1774 Equites
564 1703 686 1755 Romani
703 1705 742 1756 ad
759 1705 911 1770 segnitiam
928 1709 1089 1756 uterentur=
1116 1705 1227 1772 ‚splene
1252 1709 1286 1756 ut

67 1769 138 1858 Agr.
158 1789 182 1824 c.
203 1774 236 1827 18
255 1780 328 1824 extr.
364 1787 416 1824 nec
440 1770 582 1838 Agricola
605 1774 793 1840 prosperitate
817 1790 912 1827 rerum
935 1774 967 1827 in
990 1773 1143 1826 uanitatem
1169 1785 1237 1824 usus
1256 1777 1286 1824 et

67 1831 155 1896 insito
175 1841 300 1895 eiusdem
320 1859 380 1913 cap.
400 1857 482 1911 quum
505 1847 532 1893 et
548 1841 654 1894 milites
671 1841 746 1894 uelut
769 1841 875 1893 omissa
895 1841 1072 1909 expeditione
1089 1843 1128 1894 ad
1145 1840 1285 1894 securita-

68 1921 122 1966 tem
141 1919 169 1966 et
187 1911 280 1965 hostes
297 1912 337 1965 ad
348 1912 516 1966 occasionem
529 1911 709 1967 uterentur.“
729 1909 837 1964 Wolth.
858 1911 1004 1973 011423
1021 1913 1116 1994 princ.
1137 1912 1286 1980 eodemque

66 1981 1098 2119 sarlei·{inaestuantteterrima
1110 1980 1285 2107 titia

64 2127 118 2180 alii
131 2123 207 2180 MSS.
225 2071 329 2181 etpcdd.
342 2140 449 2179 omnes.
460 2155 493 2167 —
513 2125 582 2196 quid
593 2125 737 2190 mirum,.e
754 2123 916 2194 longinquis
928 2123 1085 2194 prouinciis
1100 2122 1177 2180 haud
1193 2123 1285 2180 ueniri

64 2198 130 2253 scil.
150 2196 270 2251 Romam
284 2197 355 2251 etin
368 2204 510 2262 senatum,
530 2197 562 2249 in
574 2197 618 2250 rei
635 2194 714 2266 publ.
727 2195 902 2260 subsidium
917 2195 996 2249 Brot.
1015 2194 1058 2251 De
1070 2213 1104 2250 re
1119 2195 1129 2248 i
1151 2215 1181 2250 ss
1200 2213 1228 2252 v.
1247 2191 1283 2248 sd
1326 2211 1340 2272 Υ·

64 2271 111 2334 12,
129 2271 176 2331 23,
195 2273 220 2324 l.
241 2299 273 2310 -
311 2269 379 2338 quid
394 2267 498 2320 mirum
515 2274 566 2334 est,
585 2267 747 2338 longinquis
773 2275 827 2321 cot.
847 2263 924 2322 MSS.
945 2266 1028 2321 tisri.
1046 2266 1102 2321 les.
1123 2213 1220 2320 hosti.
1239 2265 1283 2320 ed.

63 2338 142 2410 Spir.
161 2337 237 2391 haud
253 2339 347 2392 veniri
364 2337 425 2408 edd.
447 2337 526 2393 Pich.
547 2357 562 2393 e
580 2340 747 2393 coniectura
765 2338 799 2390 bi
822 2338 867 2390 sii.
896 2335 954 2391 had
970 2338 1063 2392 ueniri
1080 2339 1112 2391 in
1129 2335 1186 2391 MS.
1198 2337 1283 2392 Flor.

64 2411 141 2486 legit
161 2409 293 2464 Piclsena.
322 2409 452 2464 aduenirs'
474 2408 551 2464 MSS.
576 2410 647 2487 neg.
675 2409 760 2465 Corb.
812 2409 865 2464 srl.
885 2409 939 2462 les.
964 2407 1034 2463 But.
1054 2407 1152 2464 cusis.
1173 2417 1202 2463 et
1219 2407 1297 2480 edo„

64 2492 124 2536 vet.
144 2488 209 2535 ante
227 2479 310 2537 Pich.
346 2479 423 2534 haud
440 2481 567 2535 adueniri
585 2482 661 2536 coni.
681 2478 829 2533 hcidalius
848 2487 878 2531 et
896 2478 1005 2536 Hillsr.
1025 2497 1130 2538 racem.
1150 2483 1193 2536 18.
1217 2479 1283 2545 (ubi

63 2553 196 2606 adueniri
213 2553 249 2607 de
265 2552 355 2628 longo
373 2553 480 2607 itinere
498 2551 630 2606 adhiberi
648 2551 721 2603 dicit
739 2567 755 2603 o
774 2547 834 2602 Cic.
853 2549 889 2600 N.
906 2549 941 2603 D.
961 2553 989 2615 3,
1005 2550 1061 2615 23.)
1081 2567 1135 2605 non
1153 2551 1285 2604 aduenis-l

64 2625 190 2707 Gpotius
208 2633 238 2678 et
256 2622 507 2707 Isanronovius,
525 2621 601 2676 haud
617 2620 760 2706 mhoeniri
777 2619 925 2704 ileiusius,
943 2618 1010 2686 quid
1026 2620 1143 2703 mirum
1156 2637 1206 2674 nec
1221 2623 1283 2675 lon·

62 2710 353 2831 itiitttittf
370 2693 892 2836 attitulationis}
918 2686 1283 2832 militm

63 2838 138 2910 quod
159 2838 233 2891 uelut
258 2835 343 2891 telum
367 2837 529 2905 corripuere
554 2841 737 2898 accusatores,
764 2847 820 2904 quo
839 2830 999 2885 Thressam
1016 2839 1160 2957 peterent.
1181 2833 1228 2888 Gt.
1246 2831 1283 2888 sel

64 2911 96 2965 0.
114 2911 142 2965 ὅ.
163 2909 236 2964 mli.
271 2907 344 2961 velut
367 2906 494 2962 deletum
519 2910 551 2960 in
574 2905 630 2963 MS.
655 2907 754 2963 Guelf.
793 2903 866 2956 aaut
889 2903 974 2956 tellrm
991 2905 1018 2958 Μ
1041 2903 1153 2963 .Gorb.
1190 2902 1282 2958 corti·

60 2995 149 3107 ξὲῗο
173 2978 249 3035 MSS.
270 2977 352 3042 Flos.
377 2977 472 3046 (teste
489 2979 600 3051 Furia)
622 2979 693 3036 llud.
718 2976 761 3034 ed.
786 2974 874 3052 Spis.
889 2972 968 3044 quod
990 2975 1099 3048 recepi.
1135 2974 1282 3054 arripuere

157 3059 213 3109 cst.
872 3057 874 3064 “
1080 3054 1085 3061 ’
1209 3049 1212 3056 ’

478 3155 502 3213 0
518 3155 545 3212 A
562 3157 583 3212 l’
600 3159 627 3213 U
644 3157 670 3212 'l'
715 3154 871 3212 xxv111.

147 3267 191 3329 Et
210 3267 344 3338 initium
365 3268 507 3329 faciente
529 3263 737 3344 Cossutiano,
765 3266 891 3326 maiore
919 3283 956 3327 ιιι
976 3259 1166 3338 Marcellus,
1199 3277 1280 3323 sum·

64 3369 143 3413 mam
165 3371 226 3414 rem
245 3351 403 3432 publicam
418 3352 489 3432 ogi,
511 3350 713 3411 clamitabat:
736 3348 934 3410 contumacia
955 3345 1144 3426 inferiorum
1165 3342 1280 3406 lenita-

64 3444 126 3496 tem
157 3437 369 3512 imperitantis
395 3434 538 3498 deminui.
587 3433 724 3496 iliadum
756 3434 848 3496 miles
875 3430 919 3492 ad
952 3449 1019 3492 eom
1047 3430 1125 3492 dian
1152 3423 1280 3504 Patres,

64 3519 122 3600 qai
145 3515 315 3580 Thraseam
336 3517 568 3596 desciscentem,
599 3519 655 3598 qai
673 3533 823 3597 gesseram
844 3517 912 3578 eius
932 3512 1116 3576 Helvidium
1135 3507 1281 3573 Priscum

65 3605 100 3664 in
122 3600 231 3664 iisdem
252 3600 432 3682 furoribus,
454 3600 546 3664 simut
565 3597 738 3668 Paconium
750 3595 965 3680 Agrippinum
983 3597 1114 3675 paterni
1134 3595 1168 3658 in
1182 3589 1280 3656 Prin-

65 3686 153 3763 cipes
180 3685 249 3746 odii
279 3683 418 3747 heredem
451 3692 483 3746 et
511 3683 654 3747 Curtium
692 3682 880 3746 Montanum
916 3677 1105 3742 detestanda
1140 3678 1280 3740 comune

64 3767 268 3848 factitantem
307 3766 432 3830 eludere
478 3769 601 3846 impune
637 3766 788 3829 sinerent.
837 3761 1013 3843 Requirere
1041 3780 1075 3824 se
1105 3760 1140 3823 in
1165 3768 1279 3822 sanata

65 3849 273 3922 consularem,
294 3854 330 3914 in
350 3853 435 3912 oots's
455 3850 658 3926 sacerdotem,
680 3850 715 3912 in
734 3851 803 3910 iure
824 3845 959 3910 iurando
982 3848 1086 3916 ciuem,
1117 3844 1184 3904 nisi
1205 3860 1279 3904 con·

67 3944 120 3996 tra
141 3935 294 3998 instituta
316 3942 347 3995 et
369 3935 578 3996 caerimonias
596 3934 746 3996 maiorum
768 3929 964 4010 proditorem
982 3927 1087 4008 palam
1107 3936 1139 3988 et
1159 3923 1278 3987 hostem

67 4017 212 4082 Thrasea
232 4017 399 4080 induisset.
442 4014 593 4099 Denique
612 4033 709 4097 agere
729 4023 903 4076 senatorem
929 4019 960 4072 el
981 4007 1145 4088 Principis
1172 4007 1277 4072 obtre-

67 4111 209 4164 ctatores
229 4108 400 4182 protegere
420 4100 537 4163 solitus
557 4101 689 4178 ueniret,
712 4105 862 4175 censeret,
883 4093 964 4178 quid
991 4093 1115 4174 corrigi
1135 4098 1193 4153 aut
1212 4107 1277 4153 mu-

66 4186 134 4249 tari
160 4181 263 4248 uellet.
311 4183 455 4247 Facilius
480 4182 664 4263 perlaturos
688 4179 820 4262 siugssla
850 4181 1062 4258 increpantem
1082 4193 1173 4259 wan
1193 4191 1279 4237 nunc

62 4269 226 4334 silentium
244 4263 427 4352 perferrent
447 4268 553 4332 omma
572 4265 763 4330 damnantis.
805 4259 918 4330 Pacem
937 4259 989 4327 illi
1007 4279 1067 4342 per
1085 4257 1190 4324 osten
1211 4265 1280 4321 ter·-
