2854 4788
308 77 316 104 ·'
337 79 345 118 t

235 213 382 280 curer
402 177 527 282 xutv.
550 213 660 280 xcv:
681 213 735 295 (ι.
758 213 798 284 u.
820 214 892 284 su.
913 215 958 321 s.¹
976 213 1013 284 c.
1035 205 1102 294 au)
1213 216 1277 286 ers

59 401 88 438 ιι.
107 387 137 444 6.
155 380 309 438 multitudo
327 381 431 451 tegens
447 411 481 425 -
500 379 625 438 eervices·
642 387 719 450 suut,
738 383 778 438 cf.
797 381 858 439 lud.
875 381 928 442 111.
940 400 969 441 r.
983 381 1106 440 Norniuu
1122 381 1296 440 collective.-

59 487 94 500 -
112 454 192 510 baud
205 454 326 524 perinde
343 455 376 508 iu
393 453 512 508 erimine
529 453 655 508 incendii
673 468 756 524 quum
774 451 830 520 (in)
848 455 915 508 odio
938 451 1054 510 bimari
1075 456 1194 526 generis
1210 453 1277 512 roti-

61 527 135 580 ricts'
157 533 234 592 sunl,
266 544 296 585 v.
321 526 358 580 ad
382 527 517 592 11,t,1.
546 524 579 578 irs
601 519 668 578 tnta
692 524 807 580 erimine
832 523 913 580 abest
934 543 950 580 a
973 525 1030 585 MS.
1051 525 1136 586 Gorb.
1156 525 1278 583 conuicti
1303 522 1306 532 ⁴

57 595 138 656 ltlSS.
157 605 190 654 et
207 595 268 652 cdd.
286 605 345 652 vet.
363 595 506 650 coniuncti
521 613 538 650 e
554 593 614 648 MS.
634 595 713 651 Flor.
734 603 891 652 enatarunt
909 613 942 652 ac
959 605 1134 669 receperunt
1148 597 1228 656 Pich.
1247 605 1277 653 et

60 671 118 724 lae.
139 670 232 724 Grou.
291 667 329 722 od
346 667 457 728 dictum
475 667 615 740 putabant
632 683 703 736 pro:
731 668 870 724 confessis
889 667 1030 736 adiuncti,
1048 667 1136 722 simul
1154 686 1221 723 cum
1240 669 1277 724 iis

59 741 195 796 cruciati.
231 742 246 795 1
289 739 407 794 defendi
430 755 513 809 posse
536 737 697 793 arbitratur
713 731 862 803 Walther,
889 738 914 791 si
940 739 977 792 sd
993 739 1082 794 verba
1108 741 1141 794 s'n
1156 741 1278 794 crimine

58 811 189 866 incendii
216 810 403 887 intelligatur
426 811 518 876 ὄντες,
554 818 590 863 ut
616 807 649 862 iu
674 809 784 863 indicet
813 803 948 875 causam,
968 810 1001 863 in
1023 827 1080 881 qua
1103 811 1277 883 deprehensi

58 883 212 936 coniuncti
235 883 386 937 dicautur:
417 882 569 958 vulgatum
596 887 694 934 tamen
717 881 941 950 praeferendum
960 890 1068 941 censet.
1104 882 1184 938 Idem
1208 883 1277 938 odic

59 955 174 1007 dictum
192 961 277 1036 putat
292 969 348 1025 pro
366 953 398 1006 ob
417 952 523 1007 odium.
555 951 611 1008 Sed
627 950 699 1005 huic
716 951 826 1005 rationi
844 968 903 1005 uon
921 953 1059 1006 convenit
1076 953 1197 1008 conuicti
1213 961 1277 1009 suut

58 1042 115 1079 nec
129 1026 251 1094 perinde
269 1047 302 1068 ·-
322 1040 412 1094 quatu.
432 1054 466 1068 -·
503 1025 569 1078 odio
587 1021 702 1078 tument
718 1022 845 1092 generis,
864 1041 892 1077 v.
911 1023 946 1078 ad
964 1024 999 1077 ll.
1018 1025 1045 1088 5,
1064 1028 1091 1089 4,
1110 1030 1137 1081 1.
1157 1033 1187 1079 et
1204 1026 1266 1093 ⁵,5

58 1099 85 1152 ι.
105 1128 141 1140 -
178 1100 205 1156 ιι
219 1095 404 1165 ,nanterus
431 1095 493 1150 ete.
520 1087 598 1166 spu.
623 1094 688 1148 eur.
708 1099 735 1149 1.
754 1095 780 1148 ι.
808 1093 873 1148 uer.
899 1092 947 1156 (aa
971 1113 1056 1168 quam
1078 1098 1171 1150 tacuit
1186 1061 1277 1164 vace}

56 1166 151 1224 Rben.
171 1171 198 1224 1.
231 1166 266 1218 Li
288 1185 309 1220 s.
334 1166 413 1223 Pich.
438 1185 499 1237 sqq.
537 1182 571 1220 eu
590 1165 768 1235 pereuntibus
791 1163 869 1220 MSS.
900 1165 981 1224 llarl.
1015 1167 1097 1220 Bodl.
1125 1168 1179 1224 les.
1205 1167 1276 1221 llud.

59 1239 161 1292 Guelf.
182 1237 245 1295 edd.
264 1184 359 1292 Ehem
377 1241 403 1294 2.
421 1240 447 1294 3.
466 1235 533 1290 Ald.
553 1265 587 1278 -
624 1243 673 1290 sut
689 1236 871 1301 demetendi.-
891 1237 1049 1304 „destinati
1067 1239 1276 1305 rit-flammam,
1304 1281 1305 1286 .

57 1310 205 1364 reservati
223 1306 258 1362 ad
274 1311 421 1363 {lammam
439 1308 508 1362 scil.
522 1307 682 1362 interirent.
719 1309 765 1362 lta
786 1323 845 1361 non
869 1307 1024 1362 molestum
1042 1316 1136 1381 utque,
1164 1318 1199 1363 ut
1220 1309 1278 1363 Er·

56 1383 153 1436 neseio
171 1380 338 1435 videbatur:
357 1398 425 1436 uam
443 1378 565 1434 verbum
582 1379 745 1445 dammandi
762 1380 924 1433 accuratius
938 1381 1103 1451 explicatur
1115 1398 1175 1454 ,par
1187 1381 1278 1437 verbs

58 1459 197 1524 etque-
215 1450 396 1505 urerentur.“
416 1450 524 1506 Wattt.
563 1451 639 1518 erae
664 1453 741 1506 ratio
764 1467 823 1505 nou
840 1449 927 1521 plane
946 1450 1104 1518 satisfaciu
1131 1460 1161 1508 et
1185 1451 1276 1506 eltis,

56 1525 131 1610 Agr.
150 1523 382 1577 substituendum
399 1522 519 1577 videtur
544 1523 683 1594 dommuli
709 1522 772 1578 scil.
791 1521 950 1574 interirent.
987 1521 1135 1593 Sulpicius
1154 1521 1278 1578 Severus

57 1591 128 1652 bist.
149 1595 220 1650 eccl
239 1597 266 1661 2,
285 1595 329 1650 29.
348 1591 421 1647 haec
437 1595 480 1648 ita
497 1595 713 1666 transscripsit:
747 1593 831 1647 multi
848 1591 979 1646 crucibus
996 1593 1081 1662 afflixi
1098 1600 1150 1648 out
1171 1595 1279 1660 mona

56 1665 133 1720 usti:
164 1666 295 1735 plerique
314 1665 349 1718 s'u
370 1664 404 1719 id
427 1667 580 1734 reseruati,
606 1671 648 1732 ut,
679 1681 762 1735 quum
787 1663 936 1732 defecisset
954 1694 987 1706 -
1004 1667 1163 1719 urerentur.
1200 1666 1279 1721 ilinc

56 1737 196 1792 llillerus
214 1751 320 1792 racem.
340 1739 385 1793 20.
404 1753 465 1792 nou
481 1737 557 1792 male
575 1753 651 1790 corr.
671 1742 721 1789 aut
739 1735 795 1798 rel,
807 1742 834 1789 et
850 1733 989 1799 flammati
1003 1735 1142 1806 plerique,
1166 1735 1216 1790 ute
1230 1739 1278 1792 de·
1339 1793 1341 1802 ,

57 1807 227 1876 ferisset-
250 1815 409 1866 urerentur.
445 1808 509 1862 Alii
541 1807 599 1862 alia*
624 1807 789 1862 coniecere:
818 1812 852 1858 *et
872 1807 997 1871 {lammae
1025 1807 1103 1860 uncti
1128 1809 1200 1862 escis
1227 1817 1280 1864 aut

57 1877 204 1932 alimentis
221 1887 272 1934 aut
288 1880 415 1933 materia
432 1878 456 1932 l.
475 1879 525 1934 Fr.
545 1879 638 1932 Grou.
670 1886 721 1932 aut
736 1879 849 1944 flamma
866 1877 927 1931 usti
944 1883 1027 1946 ulqtee
1045 1888 1099 1936 cet.
1118 1881 1285 1948 Meursiusf

57 1956 108 2004 ert
126 1951 249 2015 flameris
266 1951 416 2017 destinati,
433 1951 483 2004 ubi
500 1949 650 2016 defecisset
668 1982 702 1992 -
719 1955 872 2004 urerentur
889 1948 1064 2004 Boetticher.
1102 1948 1157 2016 Qui
1179 1952 1279 2005 iucen-

58 2022 105 2075 dia
121 2020 333 2089 malitiarum,
351 2022 423 2076 olim
441 2021 539 2074 induti
557 2021 657 2076 tunica
674 2029 789 2092 spartea
816 2039 838 2077 s.
858 2018 976 2075 chartea
993 2020 1077 2091 (quae
1094 2021 1215 2076 molesta
1233 2022 1279 2076 di*-
1319 2039 1325 2053 ¹

58 2093 180 2145 uebatur
198 2099 358 2163 etatuppa,
377 2092 513 2157 cannabe,
537 2091 613 2164 pice,
632 2108 699 2148 cera
716 2099 746 2147 et
762 2091 917 2158 bitumine,
945 2091 1090 2146 alimentis
1112 2092 1226 2168 igneum
1249 2099 1279 2147 et

57 2161 136 2215 illita
164 2168 192 2216 et
214 2161 327 2216 intexta
350 2168 422 2228 erut,
456 2160 524 2217 Seu.
551 2179 596 2232 ep.
625 2161 688 2228 14.)
717 2161 947 2224 incendebantur
969 2162 1061 2217 taedis
1087 2169 1117 2220 et
1139 2164 1173 2216 iu
1198 2179 1280 2217 usum

60 2231 196 2286 nocturni
217 2233 334 2287 luminis
356 2233 525 2300 urebantur,
556 2231 621 2286 rivi
644 2233 855 2286 cremabantur.
880 2231 1075 2289 celaverat.
1098 2237 1124 2298 1,
1144 2234 1196 2290 155
1214 2251 1278 2305 sqq.

57 2307 85 2369 8,
103 2305 168 2362 2⁴35·
186 2303 264 2359 suet.
290 2299 352 2362 cal.
370 2306 414 2361 27.
436 2303 542 2381 scalig.
567 2302 679 2358 emend.
697 2310 785 2376 temp.
833 2305 921 2360 .471.
940 2303 1038 2382 Sigen.
1057 2303 1092 2358 de
1109 2303 1168 2361 iud·
1187 2307 1216 2373 3,
1233 2309 1278 2364 18.

55 2377 158 2442 „llaec
176 2383 220 2430 est
236 2376 334 2447 prima
351 2377 384 2430 in
403 2373 586 2431 Christianos
604 2375 732 2430 exercita
750 2321 919 2439 crud'etisas,
937 2377 1085 2452 sanguinis
1102 2375 1183 2430 dico:
1210 2393 1279 2430 uam
1300 2381 1305 2391 '

59 2446 198 2501 Claudius
216 2463 265 2501 eos
284 2455 398 2501 tantum
417 2445 578 2516 expulerat.
603 2444 647 2499 ct.
672 2445 799 2502 Tertull.
824 2445 901 2515 apol.
929 2461 954 2498 o.
973 2450 1001 2503 ὅ.
1026 2453 1056 2500 et
1078 2445 1157 2501 Suet.
1177 2447 1278 2502 Claud.

57 2517 125 2574 25³⁸
144 2517 221 2587 lips.
258 2517 315 2588 Sed
333 2518 368 2572 de
387 2516 453 2572 loco
471 2515 551 2574 Suet.
570 2533 597 2570 v.
619 2532 683 2586 sup.
702 2523 802 2568 notam
820 2517 846 2570 2.
882 2515 915 2568 iu
931 2532 1014 2569 usum
1032 2515 1096 2572 edd.
1122 2519 1185 2574 Put.
1204 2522 1231 2575 1.
1250 2520 1276 2574 2.
1320 2573 1323 2590 ,

58 2590 121 2644 Ber.
141 2607 205 2660 sqq.
242 2588 275 2642 iu
292 2605 344 2642 usu
361 2587 441 2643 MSS.
460 2589 541 2644 Flor.
561 2587 647 2654 (teste
664 2587 723 2640 lac.
744 2585 835 2640 Gron.
853 2587 999 2642 nouvict.
1019 2594 1070 2640 aut
1087 2585 1188 2654 Furia)
1207 2589 1277 2666 Reg.

59 2661 144 2716 Corb.
162 2659 245 2732 llas-1.
265 2659 344 2716 Bodl.
363 2661 418 2716 les.
438 2659 508 2714 Bud.
529 2657 626 2714 Gueli·
647 2657 692 2713 ed.
710 2654 789 2728 Spir.
817 2653 874 2711 Sed
891 2673 919 2710 m
935 2673 992 2729 per
1008 2674 1067 2730 seq.
1085 2675 1113 2716 n.
1132 2659 1279 2716 absorberi

57 2733 170 2804 potuit,
192 2729 300 2794 Waltlt.
320 2731 441 2787 lineola
461 2730 569 2802 potius
580 2743 667 2800 super
683 2745 738 2783 ua
760 2727 890 2784 librariis
908 2730 1023 2786 omissa.
1323 2735 1329 2754 ¹

126 2841 154 2896 4.
184 2839 280 2896 babitu
298 2837 422 2904 aurigae
447 2836 496 2893 vel
512 2835 671 2906 permistus
692 2834 771 2905 plebi
788 2835 874 2908 quasi
887 2842 1043 2908 spectator,
1068 2835 1115 2890 oel
1135 2833 1279 2891 curriculo

58 2908 200 2966 insistens
220 2919 255 2965 ut
277 2909 446 2980 aurigeris&
476 2906 555 2978 Lips.
592 2907 732 2963 curriculo
761 2907 898 2962 insistere
924 2905 980 2974 (ut
1003 2910 1046 2973 14,
1065 2911 1100 2964 14
1117 2923 1163 2992 pr.
1184 2915 1214 2962 et
1232 2894 1278 2964 ι’.

58 2983 131 3039 ΡΙίιι.
157 2999 204 3054 ep.
231 2984 259 3048 9,
284 2981 332 3048 6.)
358 2979 415 3036 MS.
487 2997 511 3036 r.
539 2979 602 3036 edd.
629 2979 723 3052 Ryck.
745 2980 819 3034 Era.
840 2997 873 3050 sq
895 3017 902 3032 .
938 2978 1045 3033 circulo
1067 2979 1204 3034 insistens
1256 2979 1279 3034 it

58 3053 136 3108 ttss.
155 3061 187 3108 et
205 3051 270 3108 edd.
289 3059 349 3107 vet.
368 3085 402 3097 -
438 3083 457 3120 „
482 3050 611 3127 ignolius
634 3053 667 3104 in
684 3050 755 3106 hist.
782 3051 849 3104 erit.
874 2997 913 3104 {e
931 3050 961 3104 la
977 3051 1092 3121 republ.
1118 3049 1153 3104 de
1176 3049 1280 3105 lettres

58 3124 291 3196 t.v111.p.et
313 3139 374 3191 sqq.
400 3121 453 3176 ubi
475 3121 533 3175 hoc
558 3130 652 3200 caput
661 3139 768 3193 parum
790 3121 923 3181 feliciter
947 3121 1122 3187 illustravit,
1146 3138 1165 3176 e
1182 3120 1279 3176 verbis

57 3195 217 3266 permixtus
231 3193 310 3266 plebi
326 3195 403 3249 male
422 3193 550 3269 colligit,
583 3209 747 3247 sermonem
776 3209 837 3248 esse
865 3190 901 3246 de
927 3192 1006 3246 ludis
1029 3191 1153 3263 plebeiis
1175 3191 1202 3245 d.
1221 3191 1280 3248 XV.

59 3269 132 3321 Nor.
158 3270 238 3334 λῆροι
261 3274 290 3321 et
314 3282 348 3321 eo
371 3265 419 3319 die
443 3265 571 3388 coepisse
595 3263 789 3318 afflictionem
817 3262 1051 3318 Christianorum
1068 3263 1279 3318 Neronianam:

60 3357 125 3392 nam
142 3338 209 3392 ludi
226 3337 336 3409 plebeii
353 3337 389 3390 ab
406 3335 494 3391 aedili
512 3355 546 3390 us
564 3333 715 3389 curulibus
735 3335 807 3389 editi
825 3341 902 3401 suut,
925 3335 966 3403 (v.
986 3334 1048 3391 cte.
1066 3336 1152 3389 Verr.
1171 3336 1201 3397 5,
1219 3335 1280 3405 14.)

61 3419 89 3464 et
113 3409 240 3464 circem
265 3409 406 3462 ludicrum
429 3425 446 3461 a
469 3407 586 3460 Nerone
610 3405 721 3462 editum
749 3406 810 3461 luit
838 3405 1132 3461 extraordinarium.“
1157 3405 1225 3461 um.
1245 3439 1278 3451 -

61 3481 212 3536 novissimo
229 3480 356 3548 exempla
372 3479 500 3544 meritos,
518 3495 548 3531 r.
568 3477 604 3530 ad
621 3480 665 3544 12,
684 3481 728 3540 241,
746 3481 774 3535 2.
794 3511 827 3522 -
862 3493 918 3532 uon
936 3477 1063 3532 utilitate
1078 3477 1201 3548 publiea,
1220 3480 1279 3534 ιιόιι

60 3560 181 3624 propter
197 3552 360 3606 utilitatem
378 3549 536 3622 publicam,
556 3551 606 3614 (cf.
624 3548 687 3604 1an
697 3547 752 3604 ΠΙ.
770 3568 798 3606 r.
818 3547 949 3602 ablativi
965 3547 1213 3604 substantivorum
1230 3551 1279 3604 ab·

61 3623 155 3688 soluts)
173 3623 226 3677 sed
241 3622 275 3678 iu
290 3621 440 3677 caevitiam
456 3619 540 3675 unius
556 3621 779 3690 absumerentur,
807 3621 869 3677 eius
892 3619 1039 3678 satiandae
1066 3639 1158 3678 causa
1194 3621 1280 3676 adsu-
1306 3646 1309 3658 ι

60 3701 200 3752 nemrot·
216 3694 279 3750 sola
296 3694 340 3751 etl.
358 3693 451 3748 Rheu.
471 3696 499 3749 l.
520 3692 640 3747 vitiose.

505 3833 832 3891 carurxuv.
934 3893 938 3903 ,

140 3945 275 4008 Interea
306 3941 518 4010 conferendis
547 3943 698 4026 pecuniis
728 3948 918 4025 pervastata
946 3940 1054 4020 ltalia,
1084 3943 1279 4028 provinciae

65 4047 198 4094 eversae
218 4029 367 4110 sociique
387 4027 504 4112 populi
525 4035 560 4090 et
580 4045 665 4110 quae
686 4025 863 4089 civitatum
885 4025 1005 4089 liberae
1024 4036 1205 4090 vocantur:
1227 4029 1279 4088 iu·
1316 4033 1319 4040 ’

66 4131 124 4192 que
144 4131 218 4176 eam
238 4110 397 4196 praedam
418 4111 519 4174 etiam
547 4109 597 4172 dii
616 4127 756 4187 cessere,
793 4108 945 4191 spoliatis
973 4109 1009 4169 iu
1029 4107 1119 4171 Urbe
1146 4117 1212 4172 tem
1237 4108 1278 4174 lis

68 4203 242 4279 egestoque
262 4213 360 4274 auro,
382 4192 471 4277 quod
491 4193 683 4277 triumphis,
711 4189 800 4276 quod
827 4193 915 4255 votis
943 4192 1051 4256 omnis
1077 4192 1194 4276 populi
1214 4129 1279 4252 flo-

67 4280 150 4341 mani
176 4286 267 4344 aetas
292 4279 455 4362 prospere
484 4282 543 4343 aut
569 4277 605 4339 iu
632 4281 724 4340 metu
754 4281 957 4342 sacraverat.
1008 4273 1188 4340 Enimvero
1217 4292 1278 4358 per
