2872 4786
428 239 490 306 AD
510 239 677 308 ANNAL.
704 239 789 308 LIB.
809 239 885 308 XV.
1001 277 1005 286 ·
1213 233 1282 310 555

67 411 135 466 Sane
152 409 221 466 Atta
238 407 356 476 dicitur,
384 405 431 464 cai
445 415 562 480 montes·
577 407 665 465 metri
681 407 874 464 mcessitatem
890 423 971 464 unmn
988 406 1013 462 1,
1029 403 1155 475 addidit,
1172 413 1205 464 ut
1221 410 1279 464 Al·

66 483 119 538 lia
136 482 255 552 diceret,
273 483 349 538 51551
366 482 569 552 retttq‘atae
586 489 614 537 et
630 481 823 553 reliquias.
1112 493 1114 496 ·

410 621 446 682 ’,
480 626 524 685 ιι.
561 628 606 682 au
624 626 707 698 cap.
732 623 853 684 axrra

133 735 245 790 Desara
269 731 389 789 smuitia
412 740 439 788 et
457 731 528 804 pari
550 742 652 810 aetate,
672 735 819 802 existimo,
842 731 1020 811 paedagogia
1049 730 1189 789 describit
1212 732 1233 786 i.
1253 747 1279 786 s.

67 814 178 862 coetum
197 807 241 861 ele
261 807 374 861 antium
399 823 569 877 puerorum,
602 824 673 880 quos
692 807 853 879 composita
876 815 967 872 vesto,
993 805 1080 872 iacis,
1106 804 1223 858 saillis
1248 802 1281 856 in

68 879 180 950 publico
198 877 236 931 hu
255 877 351 944 ebant,
370 885 399 932 ct
416 876 592 951 pleramque
609 897 667 934 una
684 886 790 934 aetate.
827 871 982 942 Sic⁸dicta‚
998 877 1080 960 'quis
1102 821 1159 930 sui
1177 871 1281 946 paeda-

68 967 105 1074 gol
141 993 149 1006 .
166 947 311 1003 Martialis
329 954 357 1016 3,
375 950 421 1016 56,
440 945 484 1006 311.
499 947 750 1022 paedagogo'non
772 940 885 1004 moenie
904 949 1004 1004 laccius
1024 963 1131 1018 parere
1154 945 1280 1018 gaudent

68 1041 92 1076 m

116 1023 158 1076 ico
182 1020 321 1090 capillati.
356 1019 544 1092 Paedagogia
569 1021 677 1077 Seneca
702 1019 842 1078 describit
865 1021 952 1092 epist.
978 1021 1022 1078 95.
1048 1018 1117 1086 (96.)
1156 1019 1283 1072 Transeo

68 1094 182 1162 agmina
204 1091 376 1147 exoletorum
399 1109 453 1162 per
476 1094 609 1148 nationes
626 1095 788 1165 coloresque
806 1091 958 1162 descripta,
983 1097 1015 1144 ut
1038 1089 1135 1146 eadem
1159 1089 1283 1144 amitibus

69 1166 168 1220 leuitas
192 1165 244 1230 sit,
268 1165 364 1218 eadem
386 1165 496 1234 amasae
520 1182 653 1220 mensura
680 1161 840 1232 lanuginis,
867 1164 961 1219 eadem
977 1163 1082 1233 species
1106 1161 1282 1232 capillorum.

69 1237 194 1291 lulianus
214 1237 246 1288 in
263 1234 438 1291 Antiochico
455 1255 486 1308 p.
505 1239 568 1294 3511.
606 1234 645 1290 Οὔ
663 1241 786 1309 κρεῖττον
810 1231 846 1304 ἦν
863 1234 1000 1290 dimdium
1023 1237 1120 1304 μύρων
1142 1237 1191 1302 τήν
1216 1228 1283 1298 ἆγο-

69 1307 288 1378 ρὰνβαδίζοντός
305 1323 367 1372 σου,
385 1310 432 1361 καὶ
449 1307 551 1370 παῖδας
568 1305 699 1379 ἡγεῖσθαι
715 1306 821 1372 καλοὺς,
841 1305 879 1370 εἷς
897 1301 945 1368 οὕς
962 1303 1168 1375 ἀποβλέπουσιν
1185 1302 1215 1358 ol
1232 1319 1284 1355 ao-

22 1375 24 1388 '
69 1383 143 1434 lisca
182 1379 222 1431 Hi
239 1379 326 1450 pueri
347 1377 524 1452 plerumque
546 1377 582 1433 ad
606 1379 713 1434 illicita
740 1377 877 1432 dominis.
913 1377 1069 1433 Suetonius
1094 1377 1166 1434 Ner.
1191 1375 1282 1430 518.

69 1451 156 1520 Super
174 1449 362 1519 ingenuorum
375 1450 561 1520 paedagogia
583 1458 612 1506 et
634 1457 829 1505 matronarum
852 1448 1059 1503 concubinatus.
1105 1446 1196 1502 Panda
1218 1444 1285 1520 agla

70 1525 146 1577 enim
165 1537 224 1575 nou
241 1521 351 1593 culpat,
378 1523 428 1578 ssd
445 1523 522 1594 qaod
540 1540 575 1578 ex
592 1523 739 1599 ingenuis.
775 1520 977 1576 Tertullianus
1004 1517 1088 1590 Apol.
1114 1521 1156 1576 13.
1195 1461 1285 1574 guum

69 1597 102 1648 de
115 1587 309 1662 paedagogiis
326 1593 431 1648 aulicis
447 1593 543 1648 nescio
562 1609 641 1664 quon
658 1593 806 1648 cinaedum
823 1591 995 1658 (Antinoum
1018 1589 1175 1666 intelligit)
1205 1587 1286 1642 deum

69 1665 174 1734 tacitis.
211 1665 323 1719 Notitia
350 1665 475 1736 Imperii
501 1663 577 1723 Sect.
597 1669 641 1722 11.
669 1665 719 1718 sat
742 1661 927 1734 dispositione
953 1661 1015 1716 uiri
1040 1659 1202 1733 spectabilis
1229 1658 1285 1712 Ga-

70 1735 189 1791 strensis
218 1735 402 1790 collocantur
424 1735 624 1807 paedagogia,
663 1735 870 1792 ministeriales
902 1733 1052 1797 dominici,
1088 1748 1173 1788 curae
1202 1729 1286 1800 pala·

70 1807 182 1862 tiorum.
225 1806 336 1861 Plinius
363 1809 408 1874 33,
433 1811 475 1866 11.
501 1803 589 1876 (54.)
631 1807 693 1862 Iam
713 1825 781 1862 cero
812 1813 840 1862 et
882 1805 1046 1879 osdagogia
1069 1805 1108 1860 ad
1134 1801 1287 1858 transitum

69 1876 220 1933 uirilitatis
250 1878 450 1934 custodiantur
483 1883 616 1949 argento.-
660 1878 737 1950 quod
769 1875 804 1932 ds
837 1824 937 1932 filulis
972 1877 1119 1952 argenteis
1156 1871 1286 1938 exaudio,

69 1951 174 2006 Veneri
192 1949 340 2006 arcendae.
376 1949 451 2005 Usus
471 1951 560 2006 etism
578 1967 681 2005 eorum
697 1949 734 2004 ad
752 1965 891 2004 mensam.
927 1947 1070 2018 Ulpianus
1088 1947 1109 2000 l
1129 1948 1172 2002 12.
1200 1943 1222 2012 5.
1241 1945 1286 2000 31.

70 2021 102 2076 dc
136 2021 288 2075 Instructo
317 2020 368 2075 vel
400 2022 535 2078 instrum.
567 2021 625 2099 leg.
671 2021 706 2076 Si
735 2020 904 2075 instructum
934 2019 1052 2086 51555555
1079 2021 1215 2086 legasset,
1252 2029 1287 2067 55

68 2093 257 2160 paedagogia,
286 2108 358 2162 quoe
381 2091 422 2146 iii
443 2091 569 2161 latebat,
596 2099 638 2158 ut,
666 2109 750 2164 quam
778 2091 821 2146 ibi
844 2090 975 2157 uenisset,
1002 2097 1117 2159 praesto
1145 2091 1235 2142 essent
1258 2085 1289 2140 in

70 2163 216 2230 triclinio,
250 2163 345 2230 legato
375 2164 559 2218 continentur.
607 2163 668 2218 Hos
701 2161 844 2218 habebant
876 2165 909 2217 in
943 2169 1026 2216 vesto
1054 2160 1192 2232 pretiosa.
1239 2155 1290 2211 Se-

69 2252 137 2289 neca
162 2233 198 2288 de
220 2234 282 2288 vita
306 2235 388 2289 beata
412 2253 436 2289 c.
457 2239 502 2292 17.
539 2237 629 2292 Quare
652 2234 864 2306 paedagogium
888 2232 1017 2304 pretiosa
1041 2239 1117 2288 ueste
1147 2228 1290 2298 succingi·

69 2307 137 2360 turi
157 2305 254 2358 lmsnc
271 2313 380 2361 aurata.
399 2305 482 2361 idem
501 2305 536 2360 do
553 2315 650 2377 tranq.
671 2323 696 2360 c.
716 2311 742 2363 1.
778 2303 976 2372 Praesti-tagit
993 2300 1119 2358 animam
1137 2307 1293 2373 apparatus

69 2377 194 2432 alicuius
216 2375 405 2446 paedagogii,
434 2377 608 2445 diligentiae
634 2392 714 2447 quam
737 2377 818 2431 intra
838 2377 986 2444 privatum
1015 2375 1107 2428 iurem
1132 2374 1236 2428 uestita
1264 2373 1291 2424 et

69 2467 141 2505 auro
161 2447 238 2502 culta
255 2447 398 2515 mancipia
415 2453 443 2500 el
461 2462 563 2516 agraen
580 2463 726 2500 seruorum
743 2447 905 2500 nitentium.
925 2447 1096 2500 Ammianus
1115 2447 1160 2512 35,
1178 2449 1204 2502 6.
1234 2441 1299 2517 Tur

69 2522 134 2576 nica
153 2536 222 2574 auro
240 2519 389 2584 distincta,
407 2524 439 2570 ut
457 2517 556 2584 regiae
573 2515 715 2583 minister,
726 2517 848 2572 'indutus
866 2533 885 2570 a
903 2517 978 2570 calce
999 2517 1032 2570 in
1055 2517 1155 2584 pubem
1178 2513 1209 2568 in
1224 2529 1291 2582 pue·

69 2590 230 2663 dagogiani
245 2589 331 2660 pueri
347 2589 474 2658 speciem.
501 2589 564 2642 Nec
581 2585 662 2642 aliud
680 2589 770 2642 sensit
789 2606 880 2658 quum
897 2588 933 2642 de
952 2601 1022 2640 suro
1040 2585 1153 2640 Plinius
1172 2583 1293 2654 scripsit

68 2669 113 2732 33,
133 2669 159 2721 3.
181 2665 262 2718 511.
283 2660 435 2715 Honestius
448 2659 507 2713 utri
521 2657 713 2728 paedagogiis
730 2661 763 2713 id
781 2660 889 2726 damus,
907 2657 1086 2726 balineasque
1104 2655 1182 2710 diues
1200 2655 1291 2722 forma

67 2751 222 2807 pomorum
239 2731 388 2788 conueitit.
426 2731 533 2785 Nescio
551 2747 589 2784 55
613 2729 760 2784 convestit.
797 2729 906 2784 Seneca
929 2729 964 2784 de
1003 2743 1142 2782 ueroram
1166 2728 1291 2780 istorum

70 2807 186 2862 deliciis
211 2821 256 2876 cp.
281 2807 342 2861 113.
385 2801 517 2857 Omnium
535 2801 721 2872 paedagogia
745 2800 833 2856 ollito
855 2800 930 2868 {acie
951 2817 984 2853 oe
1020 2802 1095 2865 ntur,
1121 2813 1156 2850 ne
1180 2796 1234 2863 sol,
1258 2811 1293 2849 ne

70 2881 168 2948 frigus
187 2884 310 2931 teneram
327 2882 416 2929 cutem
434 2874 537 2929 laedat.
577 2875 672 2942 Turpe
690 2877 742 2940 est,
759 2872 896 2928 nominem
914 2888 975 2926 esse
992 2870 1024 2925 in
1041 2867 1176 2924 comitatu
1192 2883 1294 2936 puero-

70 2969 144 3016 rum,
164 2950 242 3002 cuius
260 2963 330 3001 sana
347 2946 439 3014 {acies
456 2945 686 3000 caedicamentum
704 2945 856 2999 desideret.
891 2943 979 2997 Vides
1002 2957 1083 3018 crgo,
1106 2939 1294 3011 511555555-

70 3020 196 3098 dagogia
214 3024 373 3104 procoetu
398 3017 533 3102 etquasi
558 3017 685 3144 collegio
730 3032 877 3072 uerorum.
915 3013 971 3068 Pro
998 3011 1063 3067 looo
1087 3029 1147 3066 non
1169 3008 1293 3080 accipio,

70 3089 571 3230 ἓῑξτιῇεἳέίξιέιεᾚῦἓξιιιῖθῗι5ῐε
591 3093 618 3213 Z,
633 3157 825 3228 paedagogio.
880 3155 1030 3232 intelligit
1058 3155 1137 3209 enim
1170 3169 1294 3224 puerum

71 3233 332 3310 paedagogisnum.
359 3232 531 3285 Ammianus
548 3233 593 3296 13,
610 3233 638 3287 3.
675 3229 798 3283 Adultus
824 3227 938 3299 auidam
962 3243 997 3280 ea
1020 3223 1077 3292 lis,
1103 3239 1171 3295 quos
1188 3222 1296 3276 Paeda-
1382 3289 1385 3299 Ι

70 3305 215 3378 gogianos
233 3304 386 3374 appellant,
406 3303 444 3356 ad
462 3302 661 3356 obseruandum
671 3300 837 3355 venaticiam
850 3300 998 3370 praedam,
1016 3296 1189 3366 Spartanum
1206 3309 1296 3347 canem

73 3379 200 3434 retinere
217 3375 380 3444 dispositus.
415 3373 472 3430 Res
491 3389 656 3446 nomenque
674 3373 707 3427 in
731 3379 816 3444 parts
834 3371 943 3428 mansit
964 3369 1041 3442 apud
1058 3367 1179 3438 Paigios
1194 3363 1297 3429 Gallo-

73 3469 143 3506 rum
161 3449 370 3522 italorumque.

569 3599 819 3610 ..ψ-*-

463 3777 623 3845 LlPSII
650 3776 920 3845 EXOURSUS

661 3896 711 3942 55

287 3961 725 4066 nouaclum
780 3971 935 4064 515·
973 3983 1102 4064 xva
1200 4055 1207 4068 „

514 4170 539 4225 l.
576 4169 621 4224 ad
643 4167 726 4239 Gap.
750 4165 862 4222 xxm

153 4279 260 4335 Libora
277 4295 310 4334 rs
327 4279 455 4334 Romana
472 4292 532 4332 non
550 4279 679 4332 iuratum
698 4274 758 4331 scio
777 4274 810 4328 in
827 4273 996 4347 cuiusqum
1014 4280 1088 4332 acts.
1125 4272 1253 4328 lurotusr

81 4352 165 4428 leges
184 4351 319 4423 quidsuis
338 4351 388 4408 ssd
405 4357 469 4405 acta
486 4349 573 4404 linito
591 4348 765 4425 magistratu
783 4346 884 4403 vocari
901 4352 1039 4420 poterant
1063 4345 1099 4416 ad
1122 4343 1238 4415 usqua

656 3091 681 3144 7.
757 3103 790 3140 er
806 3087 838 3143 in
852 3085 1034 3156 paedagogio
1052 3082 1150 3136 mistus
1164 3081 1294 3152 plurilus
1396 3151 1399 3158 Ι
