2840 4802
171 211 236 282 no
544 209 789 278 suusnmu
814 211 897 278 ιιι.
918 186 1039 277 uus.¹

172 377 255 436 uara
273 410 307 424 -
325 373 512 452 aasentias
526 375 608 449 uss.
626 375 708 437 utor.
724 357 808 434 uun
826 377 909 438 eon.
928 379 984 436 n..
1003 377 1076 434 sus.
1098 377 1203 435 cusu.
1232 377 1295 436 ete.
1321 379 1394 452 spu:

172 451 254 506 Picis.
275 469 288 506 s
309 470 339 524 q.
355 449 523 522 rogantium
540 449 605 506 eid.
623 454 681 506 ce't.
700 482 734 495 -
751 449 870 506 disiecti
885 457 963 520 aunt,
980 467 1010 506 a.
1027 450 1063 506 ad
1083 455 1115 520 1,
1135 453 1185 516 ³2,
1202 453 1231 506 ²·
1257 451 1357 508 deiecti
1373 465 1394 522 n}

172 523 231 582 MS.
249 469 320 578 nui.
340 524 442 580 delecti
459 537 485 576 s.
512 522 558 579 ed.
580 521 600 580 8
621 523 659 581 ir.
673 521 733 607 ‘ct
751 523 788 578 ad
804 525 832 591 2,
850 525 896 590 6⁰,
915 527 940 580 1.
965 553 999 567 -
1021 521 1128 576 ciliane
1146 522 1341 609 Agrippinae,
1363 526 1394 582 de

173 613 231 732 n
250 595 430 726 ιιιιι·
441 599 519 722 ιι·
530 601 694 722 ‚zan
709 593 1394 737 <eninternectere:

174 739 284 810 accipit
303 739 367 795 edd.
386 747 443 798 cet.
462 771 495 784 ·-
514 737 619 794 ceteris
636 733 764 793 terrores
781 741 814 793 in
832 737 877 796 ed.
896 737 978 812 Spir.
997 721 1113 792 te'srore
1131 736 1268 792 caeteris.
1393 727 1394 782 i

245 813 275 868 1.
293 811 428 866 mutato
445 811 586 866 modicum
603 809 690 864 lunen
707 809 804 866 inerat
821 843 856 856 -·
873 810 995 865 estraui
1011 809 1085 863 maii
1099 809 1238 864 indicias
1256 809 1335 865 locus
1349 813 1394 868 ιιι-ἱ

71 929 76 942 .
175 882 230 938 riis
252 883 388 938 virorum
413 883 565 938 doctorum
591 881 769 936 coniectoris
794 889 960 956 corruptus,
985 880 1218 954 pulcherrimus
1250 898 1284 935 ao
1306 901 1390 952 sanus,

175 954 381 1009 eutusaeeram
408 955 585 1010 sententiam
601 951 759 1008 Welchius
787 954 820 1008 in
839 954 951 1008 emend.
979 953 1045 1007 hir.
1063 971 1096 1026 p.
1117 955 1184 1010 12⁵.
1205 952 1266 1011 tte
1292 961 1394 1011 mutate,

176 1025 415 1098 interpunctione
432 1027 474 1080 ite
491 1025 652 1098 expressits
687 1026 802 1094 „Voces
820 1025 914 1096 ipsius
932 1025 1122 1150 Afrippinae
1151 1029 1233 1088 sunt,
1259 1041 1318 1079 non
1341 1043 1394 1082 uno,

176 1103 279 1152 tencre
305 1097 447 1168 prolatae,
471 1096 523 1153 sed
543 1113 600 1170 per
625 1095 784 1152 intervalla
807 1114 948 1169 erumpen
969 1113 986 1150 o
1010 1095 1198 1150 anxietatem
1226 1097 1316 1151 animi
1337 1099 1394 1156 eius

176 1167 318 1293 prsphice
335 1161 536 1247 depmpentes.
570 1169 709 1222 Mutatam
728 1183 789 1223 esse
807 1169 927 1244 cogitat,
944 1169 1012 1222 visu
1029 1167 1062 1222 in
1091 1167 1172 1222 litus
1198 1167 1286 1236 flexo,
1311 1187 1389 1239 paene

191 1241 275 1294 uteris
292 1241 413 1295 faciem:
432 1241 542 1312 quippe
559 1239 602 1294 ibi
620 1256 710 1312 quum
727 1239 815 1311 paulo
833 1247 901 1295 ante
918 1239 1024 1294 fuisset
1046 1240 1167 1294 clamor
1185 1239 1388 1296 accurrentium

176 1327 245 1366 cum
263 1311 423 1367 luminibus
447 1311 557 1366 auxilio
581 1311 671 1366 metri
693 1311 883 1382 Imperatoris
909 1312 1108 1383 strepentium
1153 1327 1169 1364 e
1196 1311 1305 1365 mutuis
1321 1313 1389 1368 inter

177 1390 270 1438 semet
288 1382 546 1450 adhortationibus,
565 1399 652 1447 nunc,
671 1390 781 1436 armata
799 1380 920 1439 echome
938 1384 971 1436 in
989 1383 1116 1437 multitu
1140 1384 1223 1436 inem
1241 1383 1387 1438 immissae

177 1454 324 1538 Principe,
342 1463 465 1526 repente
483 1461 548 1509 erat
564 1461 698 1509 exortum
717 1452 878 1508 silentium.
915 1453 990 1522 Quae
1009 1453 1082 1508 dum
1111 1453 1281 1525 trepidante
1303 1456 1387 1508 animo

176 1539 275 1582 seeum
291 1533 401 1594 versat,
420 1527 532 1581 sonitus
550 1525 685 1580 eii'motae
702 1523 736 1579 ab
753 1525 991 1580 interfectoribus
1009 1527 1117 1580 ianuae
1142 1542 1228 1581 aures
1255 1527 1313 1581 eius
1329 1543 1385 1596 per·

177 1597 262 1654 cutia
298 1598 361 1666 Quo
387 1599 529 1653 exterrita
555 1603 585 1653 et
607 1595 933 1668 repentiuoelsirepe'tue
958 1597 1055 1652 audiri
1079 1596 1249 1669 prolocuta,
1273 1595 1317 1650 his
1338 1599 1386 1650 iam

177 1670 329 1724 continens
350 1670 415 1724 exci
437 1669 462 1722 it
478 1670 662 1758 praesagium
679 1668 860 1722 imminentis
879 1668 973 1724 exitii.
1009 1669 1167 1724 Postrema
1191 1668 1281 1723 verba
1300 1675 1326 1722 et
1345 1685 1385 1722 ea-

178 1741 264 1796 trema'
281 1739 352 1794 mali
368 1740 400 1795 s’n
421 1740 479 1794 icia
497 1741 523 1794 si
541 1759 607 1813 qens
624 1755 685 1794 non
703 1740 737 1794 ab
754 1739 919 1866 Affipina
942 1739 1029 1806 dicta,
1058 1739 1114 1794 sed
1141 1759 1158 1794 ιι
1182 1739 1323 1811 scriptore
1346 1739 1384 1793 ad-

178 1814 255 1868 ieota
273 1812 381 1881 credat,
398 1829 458 1867 ιιοιι
476 1809 678 1868 adversabor.“
706 1811 781 1866 simi
809 1813 816 1826 ⁸
851 1811 983 1866 uelocus
1002 1813 1104 1868 estH.
1124 1813 1153 1878 3,
1174 1812 1384 1868 laubienses

178 1883 358 1956 affectusque
376 1883 541 1955 animorum
559 1901 614 1958 per
631 1881 790 1938 intervalla
808 1889 994 1954 erumpentes
1020 1899 1101 1939 nora
1118 1883 1277 1938 verborum
1295 1883 1382 1936 distin-

179 1956 279 2011 ctione
303 1957 326 2009 si
370 1955 477 2012 ificavi.
512 1954 558 2012 Gi.
584 1955 674 2011 etiam
700 1955 735 2009 ad
761 1955 837 2012 Ann.
857 1958 884 2020 1,
904 1957 949 2023 41,
966 1957 993 2012 i·
1014 1957 1058 2021 12,
1086 1955 1181 2021 416ιῖ.
1207 1955 1270 2010 lnt.
1287 1955 1337 2008 111.
1358 1971 1381 2009 ι.

178 2025 319 2082 Anacoiut
340 2043 358 2080 a
377 2033 408 2082 et
423 2025 548 2097 Eilipses
562 2045 610 2085 nr.
628 2029 671 2082 19.
691 2034 720 2081 et
735 2027 781 2084 ²⁰.
817 2025 965 2081 Modicum
982 2025 1113 2080 cubicula
1132 2024 1177 2082 ei.
1187 2025 1263 2100 Spin.
1282 2052 1312 2063 -
1324 2023 1383 2094 quad

179 2114 259 2152 necao
277 2113 296 2151 a
314 2098 375 2166 filio
393 2114 433 2158 so.
452 2097 577 2158 renuet.
596 2125 630 2138 -
648 2097 738 2151 aliam
754 2099 816 2164 fere
833 2097 920 2152 litore
936 2096 1039 2164 faciens
1055 2097 1119 2152 MS.
1138 2096 1220 2155 Harl.
1239 2097 1268 2163 (a
1277 2114 1312 2150 m.
1324 2095 1380 2157 sec.)

179 2168 245 2224 edd.
263 2169 329 2226 Put.
349 2173 374 2226 1.
393 2171 420 2225 2.
441 2187 504 2241 sqq.
521 2169 619 2225 Recte.
637 2169 727 2223 eiiam
742 2171 806 2238 fors
823 2168 911 2224 litore
928 2169 1032 2236 facian
1047 2169 1131 2226 MSS.
1150 2167 1232 2222 Harl.
1251 2167 1278 2236 (n
1291 2186 1325 2237 ιη.
1350 2167 1380 2232 r.)

179 2238 261 2298 Bodl.
279 2241 335 2299 les.
354 2239 786 2316 Gueli.a1iasn[ere1utere{.
805 2239 863 2296 ΜΒ.
952 2276 962 2295 .
986 2241 1079 2296 aliam
1097 2241 1163 2308 fors
1191 2241 1278 2296 latere
1292 2240 1312 2308 f.
1333 2184 1379 2292 its.

180 2309 269 2366 corb.
287 2310 365 2384 quod
403 2311 520 2367 robabet
536 2312 700 2370 Woltman.
719 2318 750 2367 et
768 2311 867 2366 Germ.
885 2329 918 2366 re
938 2313 1038 2367 debat:
1063 2313 1130 2368 ein
1149 2311 1296 2366 anderes
1311 2307 1394 2364 unt

165 2381 244 2438 ,ber
279 2383 371 2438 edIe
418 2377 497 2440 liiir.
533 2383 660 2439 Pessime
678 2383 767 2438 utiam
783 2384 847 2450 lore
870 2383 975 2438 lateret
997 2383 1107 2450 faciem
1125 2382 1203 2439 MSS.
1225 2383 1301 2439 Elor.
1322 2379 1378 2456 Reg.

180 2453 224 2510 ei'.
263 2454 322 2527 pir.
342 2452 650 2525 alienaremur.
670 2454 747 2510 coni.
765 2452 861 2524 Ryck.
879 2455 969 2510 aliam
993 2455 1076 2522 soree
1095 2459 1165 2509 ante
1188 2469 1279 2508 rerum
1294 2449 1378 2521 facian

179 2525 263 2582 lirae.
283 2525 392 2586 Omitto
410 2525 469 2580 alia
486 2523 658 2584 commenta.
678 2555 712 2568 -
730 2531 857 2583 estrana
873 2527 944 2582 moti
961 2526 1077 2582 indicia
1094 2525 1153 2585 MS.
1179 2523 1263 2581 Gorb.
1280 2523 1377 2579 extract

179 2597 253 2654 neoti
271 2596 383 2652 indicta
402 2595 446 2654 ed.
465 2595 544 2681 Spir.
1218 2635 1220 2640 .

244 2673 280 2728 θ.
298 2666 420 2737 respicit
436 2671 594 2738 Aascetum,
612 2665 650 2724 cf.
669 2665 706 2725 ad
723 2671 768 2736 itt,
787 2669 833 2737 ii,
851 2671 878 2727 3.
897 2695 931 2708 -
949 2666 1115 2725 triesas-cito
1132 2667 1288 2735 Herculeio,
1309 2681 1376 2738 prae·

179 2741 260 2798 iacto
282 2740 427 2807 triremis,
455 2757 515 2796 non
539 2742 602 2796 eius
626 2747 755 2876 sumptu,
784 2741 829 2808 (ut
855 2759 900 2812 ap·
918 2739 1067 2800 Demosth.
1095 2741 1133 2796 de
1152 2757 1211 2797 cor.
1229 2743 1271 2798 3⁰.
1297 2746 1322 2791 et
1336 2735 1376 2800 aL)

181 2811 366 2898 seipublico
385 2819 560 2878 exstructae,
580 2817 614 2865 ut
632 2813 667 2866 tt.
733 2814 775 2868 lt'n
799 2815 889 2877 &12
916 2812 958 2868 ct.
978 2813 1053 2866 Ern.
1084 2811 1162 2868 clav.
1182 2811 1240 2868 Cic.
1275 2809 1326 2895 „in
1340 2807 1376 2890 in·

181 2881 680 3027 iiiiiiininffiittriiniptffl'
696 2881 1375 3026 gnffiffsiiev'vielffllii.holfieifirffiif

180 3041 264 3081 mora
281 3026 391 3081 Pisaur.
409 3043 439 3098 p.
460 3025 537 3095 1⁷5.)
560 3024 610 3080 sed
634 3031 666 3080 et
688 3022 867 3080 trierarchus
888 3025 1097 3081 liburnicarum
1120 3025 1159 3080 Η.
1178 3029 1206 3093 1,
1225 3021 1284 3081 tti‘
1305 3023 1372 3076 Brut.

181 3095 296 3152 tiens-co
315 3104 345 3153 et
383 3097 450 3151 aulo
507 3105 535 3152 st
551 3093 680 3152 tiearase
697 3095 742 3153 ed.
761 3095 840 3169 spir.
873 3098 1024 3152 Herculeio
1040 3105 1070 3152 et
1090 3098 1208 3152 Obarito
1226 3093 1297 3150 MSS.
1309 3093 1373 3146 Flos.

181 3168 282 3225 Guelf.
300 3175 332 3224 et
386 3115 507 3225 ,14ιᾶ
524 3170 592 3224 mai.
629 3169 768 3224 Herculeo
785 3173 813 3224 et
833 3167 964 3224 Olearito
982 3168 1045 3225 edd.
1065 3177 1124 3226 oet.
1144 3177 1175 3225 et
1197 3175 1265 3223 vett.
1289 3174 1314 3220 et
1329 3177 1374 3244 rec.

184 3273 217 3284 -
235 3240 398 3295 sonitatum
413 3241 528 3313 passivo
545 3240 667 3307 dictum,
693 3246 728 3293 ut
744 3241 774 3305 2,
798 3241 843 3298 6³.
866 3241 939 3318 Agr.
957 3242 1003 3298 41.
1030 3273 1062 3284 -
1088 3259 1125 3296 ac
1142 3240 1205 3294 scil.
1230 3237 1307 3302 decit,
1329 3239 1371 3286 ast.

182 3310 374 3370 etstan
401 3330 432 3369 n.
452 3317 477 3369 1.
510 3343 545 3356 -
568 3314 691 3366 venisset
718 3327 758 3369 sc.
782 3310 931 3366 Anicetus.
955 3311 1108 3379 venissent,
1130 3329 1155 3365 r.
1180 3309 1319 3366 nunciaret
1338 3303 1372 3358 ei.

182 3381 261 3455 Spir.
282 3410 316 3424 -
333 3381 383 3438 sin
398 3382 515 3452 facinus
530 3389 710 3452 patraturus,
730 3382 858 3451 eaedem,
882 3389 1019 3454 tanquam
1042 3403 1059 3439 a
1077 3386 1193 3440 Nerone
1217 3383 1371 3452 imperatam.

202 3450 382 3522 amiciciam,
399 3453 608 3512 matricidium.
628 3453 674 3512 Cf.
692 3451 728 3506 ad
745 3453 782 3507 ii.
803 3460 829 3522 1,
846 3455 890 3511 85·
907 3455 1101 3522 parricidium
1118 3454 1194 3510 MSS.
1209 3452 1284 3508 Flor.
1302 3447 1371 3514 (teste

180 3471 272 3592 ciet.)
290 3525 390 3581 Gueli.
409 3526 471 3580 edd.
492 3525 555 3580 Put.
575 3521 729 3583 11411
749 3543 811 3596 sqq.
831 3525 1004 3596 paricidiutn
1029 3527 1092 3582 edd.
1117 3525 1194 3596 Spir.
1217 3525 1279 3578 Ber.
1296 3515 1371 3573 then.

141 3627 161 3655 ·.
182 3601 211 3654 1.
230 3599 258 3654 2.
275 3599 303 3656 ii.
322 3597 446 3664 -juets'
463 3601 547 3666 caput
566 3596 628 3650 eius
646 3595 765 3663 afflixit,
784 3599 820 3654 cf.
841 3597 877 3650 sd
894 3599 922 3660 4,
939 3601 983 3654 45.
1012 3599 1086 3666 fusti
1107 3597 1186 3654 MSS.
1213 3593 1287 3648 Flor.
1311 3587 1369 3642 liud·

182 3669 212 3735 (a
229 3685 269 3722 ιιι.
286 3665 347 3740 pr.)
366 3667 429 3722 edd.
448 3667 525 3740 Spir.
544 3667 623 3738 lips.
642 3686 705 3739 sqq.
723 3669 798 3734 {iuste
816 3667 872 3724 MS.
893 3668 992 3728 Gueli.
1018 3677 1050 3725 et
1072 3669 1134 3726 edd.
1160 3676 1213 3723 cet.
1246 3663 1288 3720 Gi.
1305 3658 1369 3722 adi.

182 3743 229 3808 21,
248 3743 274 3795 l.
294 3745 325 3794 et
342 3735 379 3793 G.
397 3740 442 3796 46.
461 3757 490 3795 n.
510 3741 554 3795 18.
572 3741 663 3810 capuci
681 3738 757 3796 MSS.
777 3738 859 3794 Flor.
881 3737 981 3796 Gueli.
1008 3773 1040 3786 -
1068 3759 1134 3796 nam
1150 3739 1182 3794 in
1198 3740 1307 3791 mortem
1321 3745 1370 3782 cm·

182 3809 294 3866 turiani
315 3811 427 3876 terrum
449 3811 693 3878 destringenti-
714 3810 900 3879 exclamavit,
930 3831 960 3866 v.
985 3813 1022 3867 ad
1048 3816 1089 3880 11,
1112 3817 1140 3878 3,
1165 3816 1188 3866 l.
1225 3822 1285 3860 uam
1306 3797 1368 3854 MSS·

183 3881 264 3936 Flor.
284 3882 358 3936 But.
377 3881 476 3937 Gueli.
496 3883 568 3967 Agr.
587 3890 617 3937 et
635 3881 697 3940 edd.
716 3899 814 3937 omnes
833 3892 900 3937 ante
918 3883 983 3955 Bip.
1002 3885 1062 3938 iam
1079 3883 1141 3940 edd.
1154 3881 1216 3952 Bip.
1234 3877 1280 3933 Ob.
1293 3869 1367 3926 Bekk

182 3953 255 4010 hin.
274 3951 378 4008 Kiessl.
397 3959 457 4007 ium
473 3969 548 4008 cont.
584 3952 755 4008 Boetticher
779 3962 809 4008 et
834 3961 919 4024 caput
943 3953 1004 4009 eius
1031 3957 1138 4024 afflixit
1156 3971 1209 4006 non
1227 3951 1256 4003 in
1271 3949 1369 4000 nortem

182 4027 223 4092 (r.
252 4023 288 4079 ad
310 4027 337 4090 2,
359 4023 418 4090 ot.)
446 4023 603 4080 Acidaliae.
640 4023 833 4092 „Genuinum
861 4034 906 4080 eet
929 4042 1002 4082 nam.
1046 4027 1193 4081 Iudicatur
1217 4036 1301 4080 ceusu,
1325 4026 1367 4064 cur

183 4095 365 4150 trierarchus
383 4105 471 4168 caput
488 4096 622 4152 mulieris
639 4097 711 4150 fusti
729 4097 881 4151 afflixerit.
917 4099 992 4152 Nam
1009 4107 1044 4152 ut
1059 4099 1181 4152 fustibus
1207 4091 1283 4146 illam
1299 4100 1367 4166 nept-

183 4174 260 4235 rent,
277 4183 461 4240 percussores
478 4169 632 4222 accessisse
654 4184 691 4222 ne
710 4169 817 4223 credes.
853 4169 947 4223 Immo
971 4173 1084 4224 ferrum
1109 4165 1237 4222 centurio
1261 4161 1366 4236 destrun-

132 4253 134 4261 ⁴
183 4240 238 4315 git,
256 4247 290 4294 ut
307 4254 366 4293 uno
383 4239 506 4295 vulnere
522 4239 717 4318 Agrippinam
741 4239 916 4294 in'mortem
940 4240 1061 4300 efficiat.
1096 4239 1150 4296 Sed
1175 4235 1224 4290 illa
1241 4235 1365 4300 centunc-¹

184 4315 254 4367 nem
270 4310 394 4383 impedit
419 4327 453 4366 ao
474 4325 659 4384 percussores
684 4312 786 4367 irritat
803 4313 995 4386 proundendo
1018 4319 1127 4368 uterum
1151 4315 1180 4365 et
1196 4310 1305 4360 maen
1319 4297 1363 4361 im
