2800 4790
159 249 302 316 emur
323 245 642 312 xuvu-xum
665 245 854 325 (auur.
875 247 1043 330 acea.)
1087 203 1093 212 ’
1145 249 1209 316 aaa

66 424 87 475 1.
114 419 232 474 eruditae
252 417 472 471 Meteotenerem
494 413 669 484 legationes:
699 415 731 468 in
753 411 812 468 MS.
901 424 957 469 .et
974 413 1017 470 ed.
1035 414 1112 487 Spir.
1131 419 1207 474 male

14 491 99 544 uetitis
119 489 181 544 he.
203 488 405 558 legationibee.
427 515 459 528 —
496 487 641 540 diuereee:
675 487 707 538 in
733 483 811 540 MSS.
881 485 1205 545 rl.1ee.Guetf.Bud.

14 563 110 618 titiam.
137 593 169 606 -
207 561 278 616 arde
302 561 434 630 plebeque
457 556 537 612 MSS.
559 557 640 612 Flor.
672 556 796 628 (copula
819 573 944 628 superae
966 559 1093 631 scripta)
1118 561 1205 615 corb.

13 633 64 687 bad.
78 637 151 711 Agr.
172 634 236 688 edd.
255 631 349 702 ltyck.
370 631 425 687 Iac.
446 631 537 684 Gran.
556 630 628 682 Em·
649 647 710 699 sqq.
740 629 820 698 plebe
838 636 865 682 et
882 630 954 683 erdo
973 631 1016 687 ed.
1077 633 1115 696 ir..
1172 632 1207 686 ed

14 705 78 782 leuge
92 706 231 770 monime
249 705 317 759 Era.
354 703 519 756 cenatoriae
541 703 611 755 orde
635 701 767 771 plebeque
789 701 838 754 vel
861 701 1007 772 plebesque
1025 701 1052 752 M
1075 701 1102 760 S.
1150 704 1205 758 erl.
1299 747 1302 754 .

16 777 52 832 tes.
67 777 165 832 Gueli.
186 785 216 831 et
235 775 296 830 edd.
316 773 369 828 rel.
400 773 456 828 Sed
472 781 506 826 ut
522 773 630 827 Romae
647 773 718 825 erdo
736 771 928 840 amptieeimree
945 781 975 827 et
991 773 1207 838 iterentieeimae

27 856 176 914 resanata,
195 851 238 902 sic
254 849 288 900 in
304 845 476 917 municipiis
495 852 525 898 et
543 842 665 898 coloniis
691 844 761 897 orde
780 861 864 914 saepe
886 859 940 914 pro
959 847 1139 899 senatoribus
1158 847 1207 901 vel

81 921 197 974 'onibus
235 919 355 984 oniturq
375 917 461 970 Gran·
499 916 544 970 Gt.
563 917 600 969 1-1.
619 918 646 981 i,
664 916 708 972 52.
727 917 755 981 ὅ,
776 917 818 971 IS.
839 914 898 968 Oie.
917 917 1000 972 Verr.
1020 919 1048 983 2,
1066 918 1109 973 Si.
1129 919 1204 974 Plin.

13 994 83 1060 epi,
102 997 146 1048 11.
166 991 311 1044 Ammian.
329 990 375 1054 22,
393 992 420 1045 S·
437 989 485 1052 25,
503 991 529 1044 i).
550 987 658 1042 Goriue
676 987 763 1042 inecr.
791 984 825 1042 T.
845 985 882 1038 11.
906 1003 935 1056 p.
955 985 1016 1044 lea.
1037 991 1097 1044 lor.
1134 989 1208 1055 „sio

13 1069 34 1112 et
46 1063 288 1130 eptendietieeimeu
306 1061 376 1114 erdo
399 1065 427 1112 et
451 1059 572 1128 popular
589 1057 806 1119 marcomirum
829 1058 861 1109 in
879 1065 937 1112 ret.
957 1057 1013 1130 lap.
1033 1075 1077 1129 ap.
1097 1059 1207 1133 Gapac-

11 1133 71 1185 cium
92 1133 164 1188 hist.
193 1130 302 1186 Puteal.
330 1149 358 1202 p.
384 1129 429 1188 6.“
453 1131 534 1184 lires.
555 1157 588 1170 ·-
608 1130 664 1194 ‘ed
689 1133 815 1182 cenetam
847 1127 1018 1183 Romanum.
1037 1155 1071 1168 -
1113 1132 1207 1200 primi

10 1203 183 1329 arai
200 1199 1207 1339 eam..exemeret.emine-nee

10 1346 80 1410 runi
97 1291 260 1402 Ciewerr.
278 1349 306 1414 i,
325 1348 369 1401 67.
389 1345 454 1411 (ubi
471 1361 499 1400 r.
510 1289 638 1409 1iiraev.)
657 1343 724 1396 deni
738 1341 884 1412 principer
901 1343 966 1396 hir.
985 1347 1030 1410 39,
1049 1345 1093 1402 15.
1113 1344 1206 1400 decem

9 1417 131 1480 effridae
150 1427 182 1472 et
198 1417 346 1486 decapreti
363 1419 395 1470 in
412 1415 450 1469 Di
473 1416 549 1471 estis.

64 1493 218 1560 amque
235 1489 341 1543 ecditio
360 1485 424 1544 MS.
471 1487 541 1541 aeti.
561 1485 623 1542 edd.
643 1485 705 1544 Put.
725 1491 749 1542 1.
769 1489 796 1544 2.
817 1501 880 1557 sqq.
916 1484 979 1546 Sed¹
996 1501 1082 1558 eaque
1099 1487 1205 1544 ecditio

10 1557 54 1610 Mi
72 1561 147 1616 i'lur.
168 1561 245 1624 (test.
264 1561 339 1614 vict.
368 1567 398 1613 et
424 1560 524 1624 Furia)
550 1565 580 1611 et
606 1557 648 1612 ed.
672 1557 752 1628 Spir.
788 1559 865 1611 Hine
882 1556 1022 1613 Waltlrer
1039 1561 1110 1615 bene
1129 1563 1221 1614 coni.
1267 1621 1269 1626 ,

10 1645 78 1700 eaque
109 1633 214 1686 reditio
234 1663 267 1676 -
292 1645 448 1700 pregreeeu
474 1645 507 1683 ne
536 1645 631 1682 neena
654 1638 712 1684 eet.
733 1656 766 1667 -
808 1629 847 1682 ed
878 1645 949 1682 aare
974 1635 1003 1682 et
1029 1631 1123 1683 minue
1146 1631 1204 1685 MS.

9 1701 92 1756 Gueli.
111 1713 142 1758 et
159 1719 258 1757 omnes
276 1701 338 1758 edd.
365 1710 431 1756 ante
448 1701 610 1776 Oberl.·ed
627 1715 709 1766 aare,
736 1700 884 1753 admirere
902 1699 960 1754 MS.
980 1701 1050 1754 liud.
1070 1701 1132 1758 edd.
1153 1703 1202 1754 Ob.

8 1773 67 1828 liu'n.
83 1774 173 1831 aekk.
191 1773 308 1830 wath.
346 1773 401 1828 Sed
419 1789 477 1826 non
497 1789 601 1848 magna
620 1780 665 1826 aet
687 1772 844 1825 auctoritas
871 1771 931 1828 MS.
950 1771 1021 1825 Bud.
1042 1781 1071 1826 et
1089 1773 1205 1849 elegan-

8 1848 56 1897 tior
71 1844 158 1900 dictio
175 1863 233 1899 non
251 1845 347 1900 ubivis
365 1862 442 1900 vera.
462 1875 495 1888 -
527 1843 683 1912 proliceret
702 1841 765 1898 edd.
785 1842 871 1896 Rern.
891 1841 981 1896 Gran.
1000 1842 1091 1914 Ryck.
1112 1843 1204 1897 Bekk.

6 1915 107 1973 Walth.
142 1917 286 1986 pelliceret
305 1915 362 1971 MS.
381 1915 451 1994 Reg.
472 1915 515 1970 ed.
535 1913 612 1986 Spir.
647 1913 798 1984 perliceret
822 1911 902 1969 MSS.
931 1914 1012 1967 Harl.
1037 1915 1119 1970 Budl.
1148 1915 1204 1972 ies.

8 1985 93 2044 Gueli.
111 1987 181 2044 But
201 1997 230 2042 et
248 1987 311 2046 edd.
331 1995 385 2042 cet.
421 1987 498 2055 „Sed
520 1985 576 2039 hoc
598 1987 634 2039 bt
660 1983 821 2052 blanditiis,
845 2003 938 2056 neque
963 1985 1205 2042 esth.l.1nuu·

8 2061 69 2112 meri
99 2068 200 2124 autem*
228 2067 295 2113 sunt
326 2059 394 2163 topi,
431 2059 534 2128 quibua
562 2073 617 2126 pro
643 2063 673 2110 et
697 2073 750 2140 per
775 2055 896 2122 (eodem
922 2073 1013 2128 paene
1032 2058 1205 2128 compendio

7 2134 112 2254 w
162 2241 169 2254 .
193 2138 348 2272 sssffl'
361 2126 848 2267 seidiiin‘fmiincaiiiiiruii
866 2129 1204 2278 iiisdtqi‘iibiignssss

7 2271 98 2327 butum
124 2281 154 2330 et
176 2273 340 2340 Fremitum,
370 2274 421 2344 qui
448 2273 529 2326 ambo
554 2272 727 2326 Germaniae
750 2271 869 2342 utrique
894 2271 944 2326 diu
967 2274 1122 2342 praefuere
1142 2280 1170 2328 et
1187 2291 1205 2326 a

7 2343 107 2399 Neroua
125 2346 158 2398 iu
175 2345 330 2399 Graeciam
353 2345 435 2398 missi
462 2360 496 2397 ac
522 2344 567 2396 rei
595 2342 808 2396 damnationem
825 2342 990 2398 voluntarie
1008 2353 1101 2398 morte
1120 2363 1205 2414 prae·

6 2424 153 2470 verterenet.
172 2435 200 2472 v.
219 2417 254 2468 Η.
273 2419 301 2483 i,
319 2419 363 2472 tl.
384 2413 496 2486 Xiphil.
514 2416 560 2480 63,
579 2415 623 2469 17.
652 2413 710 2466 Eos
729 2413 761 2470 1..
781 2413 927 2468 Scribonii
946 2415 1063 2468 Libonis
1082 2413 1128 2469 tde
1147 2432 1204 2486 quo

7 2507 27 2539 r.
43 2489 76 2540 ad
91 2493 117 2554 1,
134 2487 190 2550 17.)
216 2487 297 2541 iilius
323 2495 375 2542 aut
397 2495 515 2557 nepotes
542 2485 635 2538 tuisse
653 2485 852 2554 auspicabatur
869 2483 1006 2555 Ryckius·
1042 2486 1205 2540 Scribonios

7 2575 91 2612 omues
107 2557 178 2612 litui
203 2557 232 2611 b.
251 2557 272 2615 1.
297 2567 414 2630 praeter
439 2556 482 2614 ed.
503 2554 582 2626 Spir.
608 2557 640 2608 iu
659 2573 716 2627 qua
734 2563 777 2612 est
794 2556 992 2611 comobrt‘noes
1021 2557 1072 2612 sed
1089 2557 1203 2613 Scribe-

6 2631 92 2685 nium
109 2629 196 2684 multi
221 2629 256 2684 11.
284 2634 312 2698 4,
329 2634 373 2687 tl.
498 2631 500 2641 ¹
1129 2647 1134 2654 ·

408 2737 602 2828 eaeor
646 2771 778 2828 utut.

73 2881 149 2946 Non
168 2884 335 2945 referrem
354 2882 622 2968 uulgatissimum
643 2888 777 2945 senatus
798 2879 996 2959 consultum,
1027 2898 1091 2963 quo
1119 2881 1201 2944 civi-

7 2965 58 3024 uti
77 2966 361 3047 Syracusanorum
382 2963 497 3064 egredi
518 2984 695 3028 numerum
717 2962 853 3028 edendis
875 2963 1114 3051 gladiatoribus
1127 2963 1202 3026 fini·

5 3055 65 3108 tum
89 3049 356 3132 permittebatur,
385 3051 452 3109 ussi
480 3047 599 3111 Paetus
621 3047 770 3111 Thrasea
796 3056 914 3109 contra
943 3046 1080 3108 dixisset
1107 3066 1203 3129 prae-

5 3129 180 3216 buimetque
199 3133 373 3194 materiem
393 3130 673 3194 obtrectatoribus
694 3128 883 3216 arguendae
904 3131 1105 3194 sententiae:
1134 3128 1203 3194 Cur

5 3217 83 3294 mia,
102 3219 130 3278 ei
149 3211 384 3295 rempublicam
397 3233 491 3296 egere
512 3213 662 3277 libertate
676 3215 840 3276 cenatoria
862 3213 1014 3292 crederet,
1037 3223 1100 3276 tem
1120 3213 1204 3279 levio

5 3295 250 3362 tenoecteretur!
292 3299 376 3368 Quin
397 3297 435 3359 de
458 3295 539 3361 betto
558 3305 614 3360 eut
633 3317 724 3379 pace,
751 3297 791 3359 de
816 3295 1032 3380 vectigalibus
1061 3307 1092 3358 et
1120 3298 1201 3380 Iegi-

5 3377 64 3458 bas,
84 3379 259 3464 quibusque
279 3377 358 3445 aliia
376 3379 520 3444 Romane
541 3385 754 3462 continentur,
775 3379 922 3444 suaderet
944 3381 1203 3446 dissuaderetur!
1286 3385 1289 3392 '

5 3461 106 3527 Licere
133 3461 304 3544 Patribus,
343 3469 489 3548 quotiens
520 3467 572 3528 iata
603 3465 755 3528 dicendae
785 3467 962 3528 sententiae
993 3468 1201 3545 accepissent,

5 3563 77 3624 eree
93 3548 218 3628 retient,
240 3567 419 3628 expromere
441 3547 684 3632 relationemque
704 3551 739 3612 in
761 3567 798 3610 ea
816 3549 993 3628 postulare.
1026 3543 1082 3610 An
1102 3547 1201 3612 solum

5 3632 205 3695 undatione
226 3633 366 3716 dignam,
387 3651 426 3694 ne
446 3631 623 3720 Syracusis
650 3629 832 3712 spectacula
862 3630 988 3714 largire
1016 3629 1203 3696 ederentur!

5 3727 98 3777 utere
115 3735 176 3797 per
195 3733 298 3778 omnes
319 3717 444 3798 imperii
473 3725 585 3796 partes
621 3716 753 3798 perinde
791 3718 925 3798 egregie
956 3734 1046 3798 quem
1077 3716 1108 3780 si
1138 3735 1202 3778 nen

5 3795 92 3878 iero,
111 3801 170 3863 aed
191 3797 225 3862 T
220 3797 334 3862 braeee
356 3801 494 3882 regimen
526 3819 630 3864 eorum
659 3797 799 3864 teneret!
849 3799 969 3870 Quodsi
995 3818 1109 3862 eumne
1135 3799 1218 3871 dis-⁴

5 3883 190 3946 matrone
212 3885 515 3962 transmitterentur,
536 3889 656 3966 quanto
676 3884 780 3966 nagia
792 3881 1203 3948 'inertibueebetinendmni

5 3959 138 4030 Thrasea
168 3975 285 4030 contra
317 3969 482 4029 rationem
515 3967 726 4052 poscentibus
756 3967 869 4028 amieis
902 3985 967 4030 non
991 3969 1203 4048 praesentium

5 4047 148 4127 ignum,
180 4049 410 4132 respondebat,
441 4051 592 4114 eiusmodi
621 4049 766 4114 consulte
788 4053 962 4134 corrigere,
994 4049 1052 4114 sed
1069 4044 1203 4123 Petrum,

5 4126 107 4194 teneri
126 4133 213 4213 dere,
245 4141 282 4196 at
303 4133 503 4212 menifestum
530 4135 633 4218 fleret,
665 4153 849 4216 magnonem
875 4153 977 4196 rerum
1003 4153 1108 4197 eurem
1137 4151 1201 4196 nen

5 4211 258 4296 munitatem,
280 4219 337 4298 qui
357 4219 489 4280 animum
512 4221 606 4283 etiem
626 4217 791 4282 leviaeimia
812 4217 1023 4281 aduerterent.

70 4335 92 4386 1.
112 4332 223 4390 etaim
241 4333 494 4420 Syracusanorum
522 4338 554 4392 iu
570 4334 632 4397 MS.
650 4335 721 4414 itaq.
741 4343 771 4390 et
788 4303 831 4392 ed
851 4333 928 4406 spir.
947 4335 1091 4394 durarem
1107 4333 1200 4390 Sirec.
