2854 4788
278 208 431 316 'CAPUT
452 211 525 276 LV.
547 211 637 278 LVI.
660 211 769 294 (11.11.
791 214 865 283 618.
887 215 925 280 Δ.
941 214 977 282 G.
998 217 1066 294 65.)
1204 163 1274 286 'aa

64 377 150 443 dum,
167 381 203 429 ut
219 378 264 442 11,
281 377 328 434 (tt.
346 391 446 452 manaa,
460 394 516 454 pro
534 385 682 435 manaret
700 381 744 449 1³,
762 382 806 438 ta.
824 395 925 448 οοιιιιις
942 397 997 454 pro
1015 373 1155 437 mannam
1181 375 1275 450 Quare
1302 436 1308 444 ,

64 449 174 520 Lipsius
200 449 229 502 et
252 447 335 505 acia.
364 457 444 504 recte
467 450 557 508 eatae.
593 451 628 504 ln
652 453 737 517 aiere,
765 460 799 505 ut
824 453 900 506 milri
927 454 1053 520 ridetur,
1081 453 1156 508 latet
1181 455 1209 508 s'a
1233 471 1272 511 ae.

64 523 132 573 Nam
150 520 215 574 sine
232 520 262 574 ia
278 520 354 574 illud
372 537 403 574 ee
421 521 588 598 ambiguum
606 531 660 578 est.
699 523 891 600 Iliessl‘mgius
911 526 1036 580 coniecit
1053 523 1206 593 adiungere
1215 527 1285 578 cri-.

62 609 118 645 mer
134 590 236 658 amm,
254 590 333 645 caina
350 593 410 660 ipse
428 609 460 646 se
482 593 760 662 pariter-faceret.
798 594 855 649 Sed
880 595 972 649 cisum
989 595 1069 662 ,illud
1093 598 1144 667 qui
1166 596 1274 652 habent

64 663 128 716 libri
151 679 256 733 parum
279 663 336 716 lide
360 663 443 740 digni
468 665 563 722 sunt.“
585 663 691 722 Waat.
717 693 751 706 -
775 665 886 720 nasica
910 666 998 720 dictis
1020 661 1212 733 constantiam,
1241 686 1274 722 sa

63 741 225 788 constanter
241 742 328 805 atque
346 733 492 804 intrepide
509 737 651 808 protulit;
668 737 736 791 Em.
758 765 791 776 -
808 739 934 792 increata
951 741 983 792 in
1001 739 1059 795 MS.
1075 737 1159 822 Gopb.
1179 747 1209 794 et
1227 739 1273 794 ed.
1301 779 1308 796 .

61 803 131 874 Spir.
151 813 275 862 aratam.
296 839 330 849 -
349 805 547 874 intestabilem,
564 821 592 861 r.
612 807 648 860 ad
664 813 691 874 6,
710 812 755 874 4⁰,
773 813 799 866 3.
819 843 853 854 -
871 817 904 864 at
921 811 1033 864 labaret
1048 811 1192 878 indiciam,
1216 809 1274 865 nisi

62 875 207 931 Miliclaan
223 893 297 931 ator
314 877 511 944 admonuisset,
529 897 557 934 v.
576 879 612 934 ad
630 884 657 944 1,
674 881 727 946 35,
738 885 764 937 3.
785 889 815 936 et
831 881 896 936 lud.
915 882 968 934 111.
987 889 1015 938 ι’.
1038 881 1191 936 Verborum
1206 883 1273 937 Mo-

61 949 90 1000 ds'
107 953 129 1003 l.
151 954 174 1004 1.
195 948 314 1014 labaret,
333 968 361 1002 v.
381 950 417 1005 ad
435 953 461 1014 2,
479 954 524 1020 26,
544 956 569 1006 l.
588 967 669 1004 -aa
686 958 796 1005 secreta
813 954 973 1007 collocatam
991 951 1066 1008 MSS.
1085 953 1165 1008 Flor.
1185 954 1273 1021 (teste

63 1018 150 1083 Pion.)
167 1021 255 1074 Farn.
274 1021 354 1076 Bodl.
374 1021 428 1076 les.
447 1020 516 1075 Bud
539 1021 637 1081 Gueli.
658 1021 718 1077 edd.
737 1023 814 1094 Spir.
839 1025 918 1080 Brut.
937 1023 1055 1082 walth.
1079 1029 1106 1077 et
1122 1029 1229 1079 secreta
1246 1041 1270 1082 a.

61 1089 112 1144 MS.
131 1091 212 1150 Harl.
236 1091 306 1158 „aa
325 1095 351 1158 2,
370 1095 414 1150 et.
434 1092 471 1152 H.
490 1097 518 1161 2,
536 1096 580 1150 76.
601 1102 630 1148 et
648 1095 679 1148 in
700 1111 724 1150 r.
743 1095 824 1151 Ouid
842 1099 909 1154 liet.
930 1099 958 1166 l,
974 1099 1037 1154 221.
1056 1095 1145 1151 matri
1162 1102 1272 1152 secreta

61 1161 287 1232 toqaeati.“1ac.
306 1163 391 1219 Gran.
426 1180 461 1220 aa
477 1171 585 1221 secreto
602 1181 626 1219 c.
645 1167 681 1221 ed
727 1173 780 1224 cet.
905 1169 910 1180 ¹

398 1387 401 1398 .
489 1317 686 1385 carun
736 1319 828 1388 uvi.

94 1475 99 1494 ,
134 1423 225 1516 Ergo
247 1428 376 1493 accitur
395 1428 526 1492 Natalis
553 1436 587 1492 et
608 1427 734 1492 diversi
761 1431 1027 1515 interrogentur,
1060 1431 1211 1514 quisnam
1241 1430 1271 1493 is

60 1527 174 1588 sermo,
197 1531 263 1594 qua
283 1511 325 1575 de
345 1532 384 1574 re
406 1510 541 1576 inisset?
583 1513 672 1574 Tum
693 1523 811 1576 exorta
832 1515 990 1596 suspicio,
1012 1515 1170 1595 quianon
1191 1532 1270 1575 con-

62 1597 209 1679 gruentia
248 1593 509 1679 responderant,
546 1595 718 1680 inditaque
756 1596 873 1660 vincla.
944 1597 986 1658 Et
1024 1605 1269 1660 tormentorum

61 1686 221 1760 aspectum
242 1699 281 1741 ac
307 1681 417 1742 minas
443 1699 512 1742 non
539 1680 658 1744 tulere.
713 1679 814 1743 Prior
845 1689 957 1747 tamen
982 1680 1132 1759 Natalis,
1163 1681 1268 1742 totius

60 1764 308 1846 conspirationis
329 1765 433 1851 magis
455 1785 590 1852 gnarus,
613 1764 712 1826 simul
733 1763 896 1851 arguendi
916 1765 1073 1848 peritior,
1095 1763 1268 1827 dePisone

60 1848 195 1927 primum
218 1851 360 1912 fatetur:
391 1847 512 1912 deiude
534 1848 650 1912 adiicit
670 1847 842 1912 Annaeum
863 1847 1034 1926 Senecam,
1064 1848 1135 1912 sive
1163 1849 1268 1911 inter·

60 1934 185 1994 nmtins
214 1935 306 1997 inter
335 1953 412 1996 eum
440 1935 656 2017 Pisonemque
683 1933 761 2012 fuit,
792 1935 864 1996 siae
895 1941 935 1995 ut
955 1932 1102 1998 Neronis
1124 1935 1268 2021 gratiam

60 2025 196 2096 parmet,
237 2018 293 2100 qni
325 2019 473 2082 infensus
501 2016 646 2080 Senecae
683 2037 797 2081 omues
831 2016 874 2079 ad
904 2013 981 2080 eum
1012 2015 1267 2102 opprimendum

59 2107 137 2162 artes
168 2100 397 2182 conquirebat.
450 2101 538 2164 Tum
569 2101 704 2188 cognito
736 2100 869 2163 Natalis
900 2100 1045 2183 indicio,
1085 2100 1267 2166 Scaevinus

59 2201 177 2266 quoque
198 2185 276 2266 pari
297 2183 538 2258 imbecillitate,
569 2205 613 2248 an
634 2192 754 2248 cuncta
774 2186 840 2246 iam
861 2188 1026 2268 patefacta
1045 2184 1185 2249 credens
1206 2203 1267 2248 nec

58 2267 152 2327 ullum
172 2267 304 2330 silentii
325 2269 597 2345 emolumentum,
620 2267 725 2333 edidit
745 2277 893 2344 ceteros3
915 2290 956 2332 ex
976 2269 1098 2353 quibus
1111 2269 1267 2332 Lucanus
1344 2301 1346 2304 ·

57 2347 317 2432 Quintianusque
346 2358 380 2413 et
404 2351 544 2414 Senecio
566 2351 626 2413 diu
646 2352 802 2416 abnuere.
836 2353 915 2416 Post
935 2356 1101 2436 promissa
1121 2355 1266 2437 impuni-

59 2437 117 2494 tate
135 2437 303 2516 corrupti,
325 2455 390 2518 quo
412 2434 605 2497 tarditatem
628 2443 837 2514 excusarent,
858 2436 1013 2498 Lucanus
1034 2435 1175 2498 Aciliam
1197 2455 1267 2497 ma-

57 2523 132 2576 trem
160 2535 269 2595 suem,
303 2519 503 2590 Quintianus
525 2517 669 2580 Glitiam
691 2517 835 2594 Gallum,
864 2517 1004 2582 Senecio
1025 2517 1172 2581 Annium
1192 2520 1266 2581 Pol·
1302 2574 1306 2580 .

57 2595 176 2680 Panem,
199 2603 386 2664 amicorum
407 2603 618 2698 praecipuas,
645 2603 871 2665 nominavere.

117 2721 140 2773 1.
159 2718 272 2772 aeritur
287 2717 405 2772 Natalia
423 2717 501 2774 MSS.
521 2719 600 2774 Flor.
629 2718 718 2786 (teste
736 2717 841 2790 Ryclr.)
865 2717 947 2773 Bodl.
976 2716 1074 2772 Guelf.
1097 2715 1169 2793 Agr.
1202 2716 1266 2772 edd.

42 2829 50 2848 .
91 2787 122 2842 ir.
140 2789 203 2844 rue
227 2797 249 2846 Ι.
267 2794 294 2846 2.
314 2791 379 2846 Bar.
403 2788 453 2856 (ad
470 2809 557 2861 ᾳιιιιιι
575 2793 670 2846 tacuit
687 2791 776 2858 Viet.)
800 2790 892 2844 Rhea.
913 2796 937 2847 l.
961 2788 1054 2860 Ryck.
1074 2809 1136 2873 sqq.
1162 2791 1268 2842 accitas

78 2860 154 2918 ns,
170 2863 244 2916 llud.
263 2861 328 2917 edd.
346 2861 438 2917 Rhen.
456 2865 482 2920 2.
502 2866 529 2920 3.
548 2861 613 2918 Ald.
633 2872 664 2918 et
682 2871 738 2917 cet.
756 2871 823 2917 aute
840 2860 932 2932 Ryck.
958 2895 992 2906 -
1016 2859 1123 2916 diverse
1143 2861 1266 2914 interro-

55 2938 158 3000 gantur,
177 2936 315 3005 separati,
334 2935 499 3004 separatim,
517 2941 551 2988 ut
569 2937 613 3001 1³,
632 2938 675 2992 42.
695 2939 740 3000 16,
758 2937 802 2990 dd.
828 2933 865 2988 G.
884 2938 930 2990 16.
946 2935 989 2990 te.
1018 2933 1267 3000 interrogabantur

57 3001 104 3056 ns.
121 3005 204 3060 corb.
235 3037 268 3050 --
290 3006 359 3058 tum
376 3012 477 3060 exorta
495 3006 619 3076 suspicio
637 3005 714 3061 MSS.
734 3005 814 3060 Flor.
840 3005 925 3072 (teste
943 3003 1044 3070 Furia)
1069 3003 1140 3058 llud
1167 3003 1267 3058 Guelf.

56 3073 109 3128 edd
130 3076 193 3131 Pat.
213 3082 238 3134 l.
257 3080 283 3134 2.
309 3075 402 3131 llhen.
421 3081 446 3132 l.
465 3080 491 3134 2
510 3081 537 3134 3.
563 3076 632 3131 illd.
658 3079 736 3148 laips.
761 3075 840 3131 Piala.
866 3078 953 3132 Grut.
987 3091 1049 3129 cam
1076 3081 1174 3130 exorta
1201 3073 1263 3129 edd.

55 3141 121 3215 spir.
145 3147 211 3206 Ber.
238 3147 323 3202 Bem.
349 3148 441 3203 Grou.
465 3167 478 3204 s
500 3167 527 3220 q.
564 3149 654 3204 Paulo
677 3158 744 3220 post
769 3151 821 3204 aad
842 3155 1041 3203 temnentes-am
1063 3146 1120 3201 MS.
1139 3148 1210 3272 Af'
1230 3177 1262 3190 -·

55 3213 458 3287 maerensmaerens.
479 3167 574 3288 lteste
598 3220 654 3275 lac.
682 3220 785 3287 Grau.)
810 3220 910 3276 Gueli.
937 3237 1010 3274 am.
1037 3237 1093 3276 sec.
1111 3219 1154 3272 Bu
1175 3259 1182 3272 .
1201 3215 1263 3272 edd.¹

56 3285 121 3358 Spir.
138 3294 202 3346 Put.
223 3296 248 3347 1.
268 3293 294 3348 2.
312 3293 380 3345 Ber.
399 3290 448 3357 (ad
466 3309 553 3362 ᾳιιιιιιι
571 3291 656 3346 siluit
672 3291 761 3358 viat.)
778 3290 872 3346 Rhea.
891 3296 916 3347 1.
937 3292 1034 3346 Oberl.
1053 3309 1115 3362 sqq.
1134 3290 1265 3345 coniura-

56 3360 131 3415 lt'oas'r
146 3363 204 3418 nn.
226 3362 324 3418 Gueli.
343 3382 360 3416 a
377 3381 416 3416 m.
435 3377 480 3434 pr.
500 3364 563 3419 edd.
581 3363 677 3420 Rhea
694 3367 722 3422 2.
739 3367 767 3420 3.
784 3363 850 3418 Ald.
869 3381 932 3434 sqq.
952 3371 1017 3418 ante
1035 3362 1128 3416 Oberl.
1146 3395 1187 3430 ¹-
1215 3378 1265 3414 ar·

54 3434 146 3498 nasi
164 3433 305 3505 peritior.-
339 3435 427 3500 „l-lao
450 3439 585 3490 cernitur
609 3436 642 3489 in
669 3453 712 3503 eo,
737 3437 815 3506 quad
840 3435 983 3490 indicium
1001 3433 1061 3489 tale
1079 3433 1181 3498 edidit,
1207 3447 1265 3504 quo

56 3507 313 3633 11121311
327 3507 790 3650 itinerariam
809 3503 1266 3656 *“ῗ.ἕζ1.ἶ“ῗξ..ῗ.ῗῖ.ξῖἶὶῖἶῗ

54 3645 168 3706 Faernus
187 3648 323 3718 arguenti
337 3651 481 3719 paratior,
500 3651 633 3708 Pricaeus
657 3651 770 3718 argenti
787 3649 924 3718 (Neroni)
940 3649 1084 3720 paratior,
1112 3647 1265 3719 Bipontini

55 3722 181 3786 &numdi
198 3721 357 3791 marmana
375 3729 405 3776 et
421 3723 624 3778 [allemandus
642 3723 780 3790 arguendi
798 3723 934 3791 operam,
953 3731 988 3776 ut
1005 3720 1201 3791 apertissimae
1218 3735 1263 3789 ap.

55 3787 106 3846 Cic.
149 3835 156 3848 .
180 3797 255 3848 nur.
282 3791 347 3852 2516
379 3792 485 3848 trata.
521 3796 610 3849 Paulo
639 3802 707 3868 post
729 3795 791 3849 stae
815 3793 884 3864 qtta'a
906 3794 1097 3891 imeroaatsaa
1122 3823 1157 3836 -
1174 3791 1264 3858 merit

112 3955 137 4010 2.
155 3972 196 4010 an
213 3961 312 4012 amaa
329 3953 409 4011 MSS.
427 3956 507 4010 Plor.
527 3954 617 4023 (teste
633 3955 726 4024 vict.)
744 3957 807 4009 Vat.
827 3953 913 4010 corb.
933 3953 995 4009 edd.
1014 3952 1183 4024 Lipsl’ich.
1257 3991 1264 4006 .

56 4025 77 4072 tt
90 4033 185 4080 macta
202 4025 259 4083 ttS.
279 4026 320 4082 Ite
343 4069 349 4082 .
368 4027 411 4083 ed.
432 4029 510 4099 Spir.
529 4036 593 4084 ante
610 4025 802 4082 canaa‘MSS.
821 4027 902 4082 Harl.
914 4028 969 4080 lea.
988 4026 1058 4079 Bud.
1079 4026 1180 4081 Guelf.
1256 4067 1262 4079 .

56 4091 107 4145 lul·
124 4102 148 4153 l.
166 4099 193 4154 2.
221 4099 287 4156 Ber.
337 4099 404 4156 hen.
424 4104 451 4156 1.·
469 4102 495 4156 2.
515 4103 541 4157 8.
568 4101 635 4155 alt.
666 4099 701 4152 ln
727 4097 782 4152 MS.
803 4099 888 4154 Gorb.
913 4113 1019 4169 qaoque
1043 4097 1173 4152 additum
1197 4105 1264 4168 post

56 4174 146 4221 nacta
168 4201 200 4214 —
219 4171 343 4225 Aciliam
361 4171 423 4226 edd.
442 4173 504 4226 Put.
525 4176 549 4227 1.
568 4177 594 4230 2.
615 4173 682 4226 Ber.
701 4169 793 4226 Rhen.
813 4176 838 4227 1.
857 4173 883 4227 2.
901 4175 927 4226 3.
945 4169 1011 4223 Ald.
1031 4169 1111 4223 Brot.
1130 4176 1164 4220 ut
1181 4185 1206 4222 c.
1220 4171 1263 4223 71.

57 4245 119 4290 extr.
142 4240 219 4298 MSS.
245 4243 327 4298 Plor.
351 4240 394 4308 (si
411 4245 543 4298 Victoria
570 4244 641 4298 fides
658 4243 798 4310 habenda,
826 4257 885 4296 non
902 4241 1029 4313 Ryokio,
1055 4242 1107 4312 qui
1134 4241 1264 4294 enotavit
1372 4297 1375 4305 .
1408 4245 1409 4260 ³

58 4307 150 4380 Atilia)
166 4313 236 4370 naa.
256 4323 287 4370 et
304 4316 421 4371 eaedem
440 4314 503 4370 edd.
521 4316 662 4372 Acciliam
679 4314 735 4375 118.
754 4316 827 4392 Reg.
846 4313 955 4370 attilam
973 4311 1052 4370 MSS.
1073 4311 1153 4369 Plor.
1178 4315 1264 4382 (teste
