2804 4790
244 204 388 270 CAPUT
411 205 598 276 v1-,v11.
636 208 690 287 (A.
703 209 740 274 U.
753 211 825 276 807.
848 212 887 274 Α.
903 210 937 276 C.
950 157 1016 290 tt)
1185 216 1245 286 183

94 377 118 430 2
144 375 291 430 dinmnl
314 371 372 428 118.
398 373 479 430 Flor.
505 372 568 430 cdd.
597 374 676 431 Pich.
696 368 758 448 sqq.
796 378 930 434 dixerunt
955 377 1031 434 MSS.
1054 377 1153 438 Guell.
1173 381 1241 439 Eud.
1337 427 1338 432 ,

34 448 133 516 aliique
150 464 217 499 cum
237 445 298 502 edd.
317 453 376 500 vet.
396 445 562 516 Utrumque
585 447 730 502 abundare
751 449 904 504 videbatur
922 450 1039 506 Ursino.
1060 481 1093 494 -
1131 453 1244 506 sacili.

35 519 77 569 lus
93 517 184 571 iussis
202 518 270 584 obt,
289 532 443 572 servorum
460 515 682 585 libertorumve,
700 519 734 578 de
753 535 809 591 quo
829 541 857 574 r.
876 525 920 588 12,
939 525 982 580 to.
1003 530 1033 578 et
1049 521 1130 577 Suet.
1140 524 1241 580 Claud.

34 592 70 643 21.
88 618 120 631 -
156 590 313 642 mltos-um
331 605 427 642 rerum
443 587 634 657 experientius
652 590 685 643 in
702 589 761 646 MS.
781 592 867 646 Gorb.
885 595 974 647 mlta
992 612 1018 648 r.
1037 611 1060 648 e.
1086 593 1162 664 quod
1179 593 1243 668 pla·

35 661 102 712 etat
119 659 269 717 Ernestio.
307 660 343 712 ln
363 660 464 715 eodem
482 659 543 714 cod·
563 663 705 716 osnissum
722 669 749 716 et
766 671 833 718 ante
847 664 1030 734 Imperatori,
1049 673 1083 719 ut
1101 682 1196 722 rerum
1211 670 1243 724 in

35 729 81 783 tls.
99 729 172 784 llud.
193 759 227 770 -
263 733 302 784 cd
318 733 412 798 rone,
432 732 468 786 ad
485 740 608 786 nentem
625 741 777 790 maturam.
813 735 895 790 Unus
919 745 970 790 sut
991 739 1068 792 alter
1085 754 1176 799 annus
1193 739 1243 796 de·

35 811 99 854 erat:
129 819 188 856 nee
215 805 247 854 in
271 803 455 873 Principibus
472 810 560 870 scus,
586 804 636 860 sed
659 804 774 859 enimus
794 807 980 878 spectandum
998 809 1079 866 Brut.
1101 841 1134 856 -
1170 826 1243 868 noso

34 873 128 926 &nmo
147 874 258 927 Caesar
276 873 448 928 Octauenus
471 891 495 930 c.
508 876 541 930 b.
560 891 583 927 a·
610 878 648 932 of.
673 894 777 930 marm.
795 881 906 949 Ancyr.
931 882 1026 951 princ·
1045 881 1139 953 intpp.
1159 879 1243 940 Flori

33 948 56 1006 l,
70 949 95 1000 1.
114 945 193 998 vell.
213 948 242 1009 2,
260 948 304 1002 bl.
342 947 434 1000 Notae
452 939 595 1001 dictiones
619 953 716 1002 octauo
741 949 857 1017 decimo,
882 953 1091 1018 nonodecimo,
1113 962 1144 1008 et
1162 955 1242 1010 simi.

33 1016 74 1070 les,
110 1015 237 1071 'l'irones
255 1018 409 1072 cousulant
424 1016 595 1075 Ramshorn.
616 1019 716 1076 Grem.
734 1037 763 1091 p.
782 1023 847 1078 322.
883 1022 1054 1084 Octauianos
1077 1023 1135 1080 MS.
1160 1025 1241 1083 Flet.

34 1088 104 1150 (test.
124 1089 216 1154 Vict.)
236 1088 296 1144 edd
316 1087 395 1160 Spir.
414 1089 492 1159 Lips.
514 1107 575 1161 sqq.
614 1089 745 1144 Octasuus
764 1091 827 1149 edd.
847 1094 911 1148 Put.
931 1099 956 1152 1.
976 1098 1003 1152 2.
1023 1097 1087 1150 Ber.
1108 1095 1200 1154 Rhen.
1215 1103 1241 1154 1.
1324 1129 1334 1139 ·

32 1163 93 1214 23.
111 1160 180 1214 Ald.
199 1191 233 1204 -
271 1159 371 1214 ciuilia
395 1160 468 1214 bello
495 1177 554 1215 non
581 1163 647 1216 satis
672 1164 851 1217 conveniunt
874 1163 1016 1248 lampeto,
1044 1175 1074 1222 et
1100 1167 1129 1224 h.
1149 1169 1177 1224 1..
1198 1177 1244 1224 ost

32 1231 267 1384 iinupgeiisatbriiiii,
281 1231 422 1373 :infixis
434 1233 642 1370 iugrailffifi,
656 1265 704 1372 ἶ)
722 1233 1198 1386 eilecbisqiiis'iinssiignismisigismiiiis
1208 1241 1242 1368 qq

32 1375 154 1428 mribus
169 1376 247 1443 geri,
273 1375 309 1442 ab
327 1375 410 1448 ipsis,
436 1377 635 1446 praesentibus
662 1384 691 1430 et
711 1380 846 1440 armatis;
871 1379 956 1438 Gran.
985 1381 1031 1438 Gi.
1051 1381 1087 1436 sd
1106 1387 1132 1450 1,
1150 1386 1197 1449 ts,
1216 1389 1241 1440 l.

33 1443 158 1516 Plerisque
177 1445 257 1504 MSS.
278 1447 356 1501 Flor.
376 1449 455 1514 (test.
475 1447 564 1512 Vict.)
590 1447 674 1501 Corb.
692 1451 755 1502 Vel.
773 1449 855 1504 Bodl·
875 1450 944 1504 Eud.
970 1453 1032 1506 edd.
1053 1453 1131 1525 Spir.
1149 1454 1241 1512 Rhon.

32 1519 54 1570 2.
71 1521 95 1573 3.
119 1536 183 1588 sqq.
220 1517 363 1588 Pluraque
387 1515 464 1572 MSS.
493 1518 575 1575 Harl.
603 1519 687 1573 Bodl.
710 1521 743 1574 in
765 1539 857 1578 mar.
885 1524 938 1577 les.
966 1523 1065 1582 Guelf.
1092 1525 1155 1580 edd.
1184 1533 1240 1582 cet.

32 1590 100 1656 quod
122 1590 285 1658 probarunt
307 1591 390 1646 Brot.
417 1589 512 1647 lliokl.
539 1591 646 1646 Kiessh
683 1589 742 1646 Sed
764 1612 792 1649 v.
820 1612 836 1647 s
878 1598 906 1661 3,
924 1597 969 1662 28,
988 1600 1016 1653 l.
1037 1627 1068 1642 -·
1105 1597 1243 1652 Daturum

33 1660 126 1728 ipsum.
147 1661 256 1716 Mum
272 1659 351 1716 MSS.
371 1662 470 1717 Guelt'.
490 1680 506 1716 a
524 1680 562 1714 m.
581 1680 627 1734 pr.
647 1671 677 1717 et
694 1662 764 1720 Bnd.
781 1693 813 1706 ·-
832 1663 959 1720 donastis
976 1667 1079 1722 amieis
1097 1685 1135 1723 un
1152 1686 1239 1734 sams,

32 1743 62 1782 en
77 1748 143 1798 non,
162 1733 215 1787 vel
231 1751 269 1788 an
287 1749 345 1788 non
363 1732 504 1789 honestis.
530 1733 577 1788 Cf.
595 1734 631 1787 ad
650 1735 693 1799 11,
710 1738 756 1802 22,
777 1739 801 1791 l.
822 1767 855 1780 -
891 1738 920 1790 ss'
938 1738 1035 1792 ducem
1047 1771 1078 1784 -
1092 1741 1243 1810 egregium

31 1819 94 1928 2..
149 1805 457 1934 suumne
475 1814 549 1930 ⁰5²³
570 1806 654 1930 ll:
675 1807 1292 1940 “retitueteliuth·‡

33 1951 54 2008 ι,
71 1952 94 2003 ι.
130 1950 272 2018 detegeris
289 1916 347 2004 ιιιὲ.
366 1945 435 2026 lgr.
455 1894 577 2018 teo-{lli
594 1920 639 2005 'ea
658 1895 736 2022 epis.
978 1898 1000 1951 ⁸
1059 1919 1068 1949 '
1125 1921 1132 1937 '
1171 1997 1175 2004 .
1235 1927 1240 1940 '

480 2054 502 2110 C
521 2055 546 2110 A
564 2059 585 2110 P
604 2057 631 2112 U
648 2056 674 2110 'l'
712 2057 794 2112 v11.

103 2129 196 2193 Haec
217 2137 316 2212 atque
338 2129 417 2191 talia
438 2129 663 2217 vulgantibus,
684 2128 779 2194 Nero
797 2140 830 2193 et
850 2133 1056 2198 iuventutem
1074 2138 1241 2218 proximas

32 2233 87 2294 per
107 2216 303 2300 prouincias
325 2215 507 2295 quaesitam
529 2211 724 2296 supplendis
748 2212 897 2279 Orientis
920 2219 1104 2304 legionibus
1126 2217 1242 2283 admo-

31 2317 102 2361 uere
123 2299 339 2384 legionesque
360 2299 448 2378 ipsas
469 2297 609 2378 propius
621 2296 814 2359 Armeniam
834 2301 994 2365 collocari
1014 2303 1118 2383 iubet,
1140 2301 1242 2368 duos-

33 2401 85 2461 que
118 2390 253 2444 vetares
286 2398 382 2466 reges
413 2379 597 2466 Agrippam
630 2388 664 2441 et
690 2380 894 2446 Antiochum
927 2384 1085 2466 expedire
1118 2387 1240 2469 copiae,

32 2469 97 2546 quis
118 2463 322 2528 Parthorum
344 2463 427 2526 lines
448 2463 540 2526 ultro
563 2467 748 2540 intrarent3
771 2465 869 2529 simul
890 2476 1007 2549 pontes
1029 2489 1091 2551 per
1111 2485 1242 2532 amnem

31 2549 215 2631 Euphraten
238 2549 344 2634 iungi,
387 2546 430 2607 Et
450 2548 614 2610 minorem
635 2546 830 2610 Armeniam
840 2549 1045 2628 Aristobulo,
1068 2553 1242 2637 regionem

31 2633 199 2716 Sophenen
222 2629 366 2693 Sobemo
388 2650 464 2692 cum
496 2630 682 2718 insignibus
715 2650 752 2693 rc
776 2633 817 2693 iis
846 2631 989 2696 mandat.
1032 2633 1242 2716 Exortuoqno

33 2719 61 2775 in
88 2726 246 2800 tempore
276 2713 427 2776 aemulus
448 2713 617 2860 Vologese
649 2713 738 2776 filius
800 2711 957 2782 ardenast
991 2724 1025 2778 et
1056 2715 1242 2784 abscessere

34 2799 182 2862 Armenia
204 2795 334 2877 Parthi,
356 2805 512 2878 tanquam
556 2799 711 2860 ifferrent
731 2797 862 2862 belluim

91 2889 115 2938 1.
144 2881 324 2952 legionibus:
350 2881 382 2934 in
399 2877 457 2934 MS.
478 2879 557 2934 Flor.
577 2879 895 2948 (testemtested.
915 2881 994 2955 Spir.
1014 2880 1189 2954 regionibus.
1210 2911 1242 2924 ·-

34 2953 184 3008 monere:
224 2954 255 3006 in
287 2949 352 3007 edd.
384 2968 444 3008 rec.
479 2951 631 3018 admoveri,
662 2958 696 3005 ut
724 2953 859 3007 collocari
888 2962 918 3009 et
946 2954 1039 3022 iungi,
1070 2969 1107 3010 or
1130 2955 1241 3012 emend.

35 3025 102 3078 Pich
136 3027 253 3092 „lmmo
272 3025 379 3078 Noster
403 3024 536 3078 consulto
561 3033 590 3079 et
617 3023 765 3095 sapienter
789 3033 966 3080 structuram
989 3027 1095 3094 variat,
1121 3034 1156 3080 ut
1173 3030 1199 3093 l,
1217 3029 1243 3084 3.
1341 3081 1345 3090 ,

34 3098 171 3165 appellari,
191 3095 339 3151 destinare
358 3130 391 3140 -
411 3095 554 3165 cupiverat
573 3104 602 3150 et
619 3096 655 3151 11.
675 3097 702 3162 4,
721 3097 764 3152 28.
792 3097 903 3150 vastari
921 3102 998 3150 et-
1018 3097 1140 3151 transire
1158 3097 1243 3151 iubet.

34 3166 128 3222 Sensus
146 3178 203 3236 est,
223 3168 370 3224 Neronem
389 3167 524 3222 manduc
543 3185 593 3222 sua
611 3167 792 3235 exsequenda
815 3168 881 3222 aliis
901 3167 1020 3236 dedisse,
1054 3176 1088 3222 ut
1110 3170 1245 3224 iuventu-

34 3248 82 3293 tem
107 3242 303 3296 admoverent
331 3239 381 3295 vel
404 3240 555 3294 admoveri
587 3243 735 3301 curarent,
763 3237 860 3300 (man
888 3240 984 3295 sollo
1012 3241 1072 3295 die
1100 3241 1120 3295 J
1126 3240 1246 3318 ugend

34 3309 246 3378 bintiihren)
271 3327 340 3377 non,
369 3311 551 3367 iuventutem
573 3311 694 3434 propria
719 3308 846 3366 Neronis
872 3312 1005 3366 manhte
1029 3313 1184 3384 accepisse,
1212 3321 1246 3368 ut

34 3383 82 3438 iret
98 3383 134 3438 ad
150 3384 298 3464 legiones.
333 3381 456 3466 Diversa
475 3392 519 3439 est
537 3383 627 3466 ratio·
646 3382 793 3468 qgionum,
812 3401 885 3468 quae
902 3385 981 3455 ipsae
998 3384 1158 3470 imperium
1167 3385 1246 3456 acci·

33 3463 211 3583 llllissif'
211 3456 380 3582 11Ἵέιέἶέ
382 3453 813 3596 qqqfngqrngqbsggg
824 3473 884 3580 “ii
908 3455 1246 3604 :tilgtdtbttlt

33 3595 80 3651 Sed
103 3601 178 3654 haec
206 3617 240 3653 ar
281 3599 428 3674 tamegis
475 3615 541 3653 uam
564 3616 642 3654 vera.
664 3629 695 3640 -
733 3597 904 3668 Agrippum
931 3619 959 3657 r.
985 3599 1021 3652 ad
1039 3602 1083 3666 12,
1102 3602 1148 3666 23,
1165 3602 1191 3657 ²·
1213 3633 1244 3643 -

35 3669 197 3726 intectam
248 3671 357 3736 ilicem,
383 3671 431 3724 cui
481 3671 522 3724 ali
577 3689 594 3724 a
616 3670 703 3724 Coma
741 3687 799 3724 nen
829 3677 965 3726 ctorem
989 3669 1112 3726 Ciliciae
1133 3672 1246 3726 mariti-

35 3759 99 3796 mam
117 3743 250 3798 dederat.
270 3742 316 3795 Cf.
336 3741 373 3796 ad
390 3746 417 3805 2,
435 3744 480 3799 ll.
501 3748 515 3797 1
536 3779 545 3808 ‚
564 3743 609 3798 85.
630 3740 693 3795 lud.
730 3742 752 3795 1.
777 3742 833 3796 Dio
851 3744 897 3810 to,
915 3746 941 3800 8.
960 3745 1005 3806 bd,
1023 3744 1050 3800 8.
1075 3741 1191 3812 loseph.
1211 3743 1245 3796 Α.

36 3811 111 3880 119,
130 3817 159 3872 t.
198 3811 369 3870 Antiochum
384 3812 446 3871 edd.
464 3813 557 3885 Ryck.
576 3813 664 3866 uros
684 3813 755 3867 Ern.
780 3813 818 3870 sl.
844 3831 880 3868 ox
905 3811 1014 3870 emend.
1043 3813 1164 3886 lipsii„
1215 3831 1247 3870 aa

37 3881 160 3940 innatus·
188 3902 214 3940 c.
234 3889 279 3943 3⁷.
305 3886 354 3940 ubi
371 3886 533 3940 Antiochus
562 3885 735 3940 Corbulonis
760 3886 862 3941 socius.
905 3884 1039 3940 Jocctnm
1067 3883 1146 3940 MSS.
1191 3886 1245 3939 lor.

36 3955 86 4013 lat.
116 3959 198 4016 loos.
235 3956 297 4012 edd.
326 3958 391 4011 Put.
425 3963 451 4014 1.
479 3961 506 4016 2.
535 3958 602 4012 Ber.
634 3955 728 4011 Rhen.
754 3961 779 4013 1.
806 3960 832 4014 2.
849 3962 875 4016 3.
895 3975 957 4030 sqq.
994 3955 1141 4013 Jocclss’um
1165 3957 1248 4014 11188.

37 4027 87 4084 lat.
107 4032 188 4086 1883.
209 4033 289 4088 leot.
308 4028 385 4093 (test.
404 4029 496 4097 hrot.)
515 4027 648 4084 Aeolium
666 4025 744 4082 MSS.
765 4029 828 4082 vat.
847 4033 925 4090 test.
948 4027 989 4098 (si
1008 4029 1124 4102 Lipsius
1142 4047 1246 4084 verum

37 4099 113 4164 sidit)
137 4101 208 4180 Bag.
229 4101 301 4178 Agr.
327 4101 371 4156 ed.
396 4099 473 4184 Spir.
496 4100 632 4156 bocchum
660 4098 741 4156 MSS.
771 4097 872 4155 Guelf.
905 4100 987 4155 llas-l.
1009 4133 1040 4146 -
1076 4107 1176 4172 pontes
1196 4117 1247 4170 pes·

39 4185 134 4226 mem
153 4171 1021 4256 Eeptmtestuegs,ut1,4o.etsp.vtrg.Aen.o‚1to.
1051 4189 1105 4260 pro
1130 4192 1169 4228 vu
1203 4174 1246 4258 ari

37 4251 109 4305 sente
128 4245 178 4299 val
195 4245 329 4315 pontem
346 4259 455 4300 omnem
471 4245 564 4316 iungi.
603 4245 638 4300 ln
661 4243 718 4300 118.
747 4244 846 4303 Guell.
875 4247 1027 4314 dolentem,
1055 4263 1086 4302 m
1105 4245 1149 4300 ed.
1189 4261 1244 4316 pir.

36 4329 79 4378 ter
93 4333 197 4372 aunem
214 4319 374 4396 nepotes„
1027 4349 1029 4356 ,
