2826 4792
145 183 188 261 19,
295 199 299 206 “
533 179 780 252 ANNanmot
804 181 888 248 nlo.
911 179 971 256 XI.

145 351 386 438 nasturtium:
407 345 627 434 admotusque
646 345 751 414 snm
771 349 935 415 tribunali
955 367 1022 414 non
1039 345 1276 424 detensiauenu
1297 367 1367 414 oon

144 453 258 501 meras
288 435 443 508 mutavit,
474 443 643 518 precatus,
670 440 710 495 ut
730 453 820 496 mors
842 435 1100 500 acceleraretur.
1143 431 1266 496 Eadem
1287 451 1367 494 oon·
1403 459 1404 464 ¹

145 520 270 582 stantia
297 526 344 580 et·
358 517 508 582 illustres
528 517 662 599 Equites
685 515 849 580 Romanos
871 515 1010 600 oupidos
1031 522 1184 579 maturae
1204 516 1295 578 neeis
1316 518 1366 578 fa·

127 603 204 667 tait.
246 601 377 666 Titium
397 601 589 676 Proculum,
621 598 794 662 custodem
818 619 839 663 a
859 599 944 666 Silio
964 599 1167 664 Messalinae
1195 597 1310 662 datum
1330 605 1367 660 et

145 683 310 748 indicium
332 686 540 762 offerentem,
561 683 714 745 Vettium
736 683 913 746 Valentem
935 692 970 746 et
990 685 1190 755 confessum,
1212 690 1247 744 et
1267 682 1367 744 Pom-

144 769 258 850 peium
278 765 440 832 Urbicum
460 786 499 830 ao
520 765 701 828 Saniellum
714 765 785 828 Tro
809 787 865 828 um
886 787 926 830 ax
950 768 1091 830 consuis
1112 765 1202 829 tradi
1222 763 1265 828 ad
1285 785 1367 847 sup-

145 850 284 932 plioinm
315 850 420 918 iubet.
464 849 607 912 Decrius
640 868 704 931 quo
726 868 768 912 ue
787 788 1033 933 biatpurnianus
1054 850 1194 950 vigilum
1216 851 1367 930 praefec-

145 941 214 1010 tus,
234 933 402 1015 Sulpicius
422 931 529 994 Rufus
550 930 621 996 ludi
633 951 715 1016 proc
740 941 847 1014 rator,
868 931 990 998 luanus
1004 932 1216 1019 Virgilianos
1229 939 1366 999 senatur

146 1007 261 1081 eadam
282 1035 389 1100 poena
410 1017 530 1080 affetu.
1066 1007 1070 1024 '

217 1137 242 1190 1.
260 1133 337 1188 inter
354 1129 436 1186 boec:
454 1132 487 1186 in
495 1131 554 1190 MS.
565 1131 664 1188 Gueli.
684 1139 713 1188 et
731 1129 775 1186 ed.
786 1131 863 1204 Spir.
883 1131 959 1186 iata·
976 1131 1037 1191 boo.
1056 1164 1090 1177 -
1104 1131 1241 1188 Vitellius
1258 1131 1366 1202 ignaro

142 1206 273 1274 propior,
292 1207 329 1259 ot.
350 1205 414 1258 Iud.
434 1205 474 1258 11.
493 1203 587 1258 iulius
603 1205 626 1258 ι’.
642 1221 672 1273 p.
693 1201 751 1258 MS.
769 1204 851 1260 Flor.
870 1212 945 1260 teste
963 1205 1053 1260 Furia
1073 1211 1102 1259 ot
1117 1205 1160 1259 od.
1174 1203 1252 1277 spir.
1271 1219 1366 1272 guare

144 1273 209 1332 edd.
228 1275 289 1332 tuo
309 1281 335 1334 1.
354 1279 380 1336 9.
399 1281 431 1330 et
447 1277 484 1334 el.
504 1305 537 1318 -·
557 1276 653 1330 amaia
670 1273 794 1340 (omnes,
820 1276 909 1330 etiam
928 1275 1044 1341 cassu)
1069 1276 1172 1330 liberto
1200 1275 1366 1330 obediebant

145 1345 293 1410 Narcisso,
312 1349 351 1400 of.
370 1347 407 1400 sd
425 1361 450 1400 e.
468 1348 513 1402 98.
533 1363 564 1398 ιι.
582 1349 609 1403 9.
630 1373 663 1386 ·-
682 1346 793 1399 damam
811 1345 948 1410 adulteri,
965 1365 993 1402 v.
1014 1348 1050 1402 sd
1068 1365 1093 1401 o.
1114 1349 1156 1404 13.
1174 1365 1206 1402 ιι.
1224 1349 1251 1404 3.
1281 1375 1314 1386 -
1333 1345 1368 1398 io

145 1414 284 1470 uestibulo
303 1411 346 1479 (v.
366 1411 401 1466 ad
419 1419 446 1480 9,
463 1418 510 1481 31,
529 1415 567 1481 1.)
586 1416 712 1486 effigiem
732 1413 830 1483 patrie
847 1417 920 1471 sitii
936 1417 1013 1470 scra
1039 1418 1175 1471 abolitam
1201 1417 1244 1482 (v.
1269 1421 1298 1482 4,
1322 1419 1367 1473 19.

145 1493 177 1540 et
195 1483 232 1539 ad
248 1488 275 1552 3,
294 1486 340 1552 33,
360 1483 762 1556 l.)demoaetrat,tant1nam
780 1501 844 1539 rem
863 1493 893 1540 at
911 1485 1061 1551 illicitam,
1089 1482 1144 1552 (oi.
1164 1484 1201 1541 sd
1226 1487 1253 1552 2,
1272 1487 1319 1554 39,
1339 1491 1366 1540 1.

146 1563 178 1610 et
194 1555 256 1614 Cio.
280 1569 336 1626 pro
361 1554 392 1609 O.
411 1553 508 1610 dabir.
536 1569 561 1611 o.
581 1555 619 1620 9.)
648 1563 678 1611 et
703 1555 802 1609 diebus
830 1553 1010 1627 nuptialibus
1034 1557 1180 1613 usitatam.
1216 1557 1368 1634 Imagines

146 1627 228 1682 enim
244 1626 390 1680 maiorum
409 1643 424 1680 s
443 1641 509 1680 oera
527 1625 642 1681 edictae
661 1626 811 1680 avertice
835 1627 872 1681 ad
888 1625 1063 1680 umbilicum
1082 1643 1133 1680 seu
1156 1627 1292 1684 humeros
1318 1645 1370 1680 us·

142 1713 204 1824 zuo
232 1695 397 1768 (magian,
425 1695 563 1764 storacen,
587 1701 736 1770 προτομαί,
762 1698 917 1762 Biston,
942 1696 1197 1766 Brnstbilder‚
1224 1699 1369 1790 aquibus

168 1771 278 1825 'versae
296 1769 427 1846 integrae
445 1775 554 1822 statuae
573 1769 702 1824 iconicas
722 1787 743 1822 s.
762 1769 917 1836 similiores,
943 1767 1090 1836 ἀγάλματα
1116 1769 1244 1833 εἰκονικὰ,
1269 1768 1370 1838 «aops-

43 1853 47 1858 '
143 1856 239 1914 appear,
260 1840 380 1896 Statiien
399 1841 430 1892 in
448 1839 677 1917 Lebensgrdise>
693 1841 776 1916 signa
796 1847 879 1894 eran-t
896 1839 1058 1894 nobilitatis
1077 1837 1234 1912 earumque
1251 1841 1298 1894 ius
1317 1840 1372 1893 da-

26 3205 28 3213 ‘
144 3195 175 3254 h.
195 3213 221 3252 a.
280 3213 404 3251 ssessum
422 3214 439 3250 a
457 3196 621 3252 Neronibus
639 3197 697 3254 MS.
717 3197 816 3252 Gueli.
837 3197 899 3256 edd,
918 3207 977 3254 vet.
1006 3199 1052 3256 Gf.
1108 3198 1135 3252 d.

141 1913 222 1967 bant·
233 1913 421 1990 magistratus
440 1911 567 1977 ourules,
586 1928 658 1982 quos
676 1911 784 1982 aliquis
803 1912 852 1965 vel
871 1910 997 1966 maiores
1016 1913 1077 1967 eius
1096 1920 1262 2006 gesseram
1289 1911 1371 1965 unde

145 1982 281 2070 bomipes
300 1982 381 2068 aaut&
395 1982 512 2067 nebulas,
534 1983 675 2070 spnobsiee
694 1981 874 2067 drcpbmmr.
892 2001 921 2067 r.
940 1981 976 2035 ad
992 1985 1020 2050 3,
1041 1987 1086 2068 66,
1104 1989 1131 2041 d.
1168 1984 1244 2068 Istae
1269 1989 1371 2066 sutpm

145 2053 469 2192 tutatuta
485 2051 1372 2197 tttttttmtttsttttt‘,trittfftsttttttz

146 2195 292 2253 uestitum
318 2207 347 2251 st
369 2195 555 2267 potissimum
579 2198 675 2264 atriis,
702 2196 819 2252 iunctas
842 2196 985 2251 tuniculis
1011 2198 1130 2274 ligneis,
1157 2198 1209 2267 qui
1235 2199 1322 2251 sertis
1343 2215 1371 2254 s,

143 2269 231 2330 ,vittis
250 2267 342 2322 oinoti
359 2275 496 2336 uuquam
514 2269 591 2322 rami
608 2267 745 2322 arborrun
764 2285 800 2322 ex
819 2269 911 2340 stirps
928 2268 1129 2326 discurrebant
1145 2269 1375 2338 indicabantque

145 2338 330 2395 familiarum
348 2337 559 2394 successionem
579 2339 640 2394 sius
657 2339 778 2416 gunsalu
800 2340 868 2404 iam,
888 2339 1029 2410 στέμματα
1047 2342 1090 2396 sio
1108 2341 1185 2395 dicta
1209 2340 1373 2412 ισιέφειν,

145 2409 340 2476 eircumdm,
359 2423 557 2468 coronat-etv.
574 2411 653 2483 lips.
674 2410 767 2468 Eleot.
779 2358 814 2480 1,
832 2413 877 2468 99.
907 2411 1039 2466 Budaeus
1056 2412 1093 2467 ad
1110 2413 1195 2468 Pand.
1223 2429 1251 2484 p.
1271 2429 1309 2468 m.
1330 2413 1374 2470 63

147 2499 191 2554 sq.
212 2481 242 2535 Si
282 2499 310 2535 ιι.
329 2487 386 2536 aut.
409 2481 434 2538 l.
454 2481 533 2549 (1.9,
556 2484 601 2548 id.
621 2481 686 2538 loeo
710 2483 793 2537 alass.
813 2483 886 2540 Plin.
906 2485 951 2550 96,
974 2486 1075 2541 1·-6.
1101 2481 1165 2538 Son.
1192 2484 1227 2538 de
1251 2483 1316 2539 bea.
1336 2488 1373 2550 3,

144 2557 190 2613 28.
210 2561 240 2608 et
273 2552 389 2609 uranei.
408 2553 436 2618 8,
455 2557 471 2608 1
491 2569 534 2625 sq.
553 2553 586 2608 iu
604 2554 709 2626 primis
727 2554 879 2610 Heindorf.
899 2555 935 2609 ad
952 2554 1024 2608 Har.
1039 2553 1097 2613 Sat.
1118 2560 1144 2622 l,
1164 2557 1191 2621 6,
1211 2560 1256 2611 17.
1274 2553 1375 2610 Eich-

147 2623 241 2682 staodt
257 2625 325 2680 dies
345 2623 418 2678 duas
435 2623 471 2679 de
488 2626 545 2680 ima
568 2669 574 2682 .
593 2625 676 2682 Rom.
694 2626 843 2698 Petropoli
862 2627 942 2684 1896.
961 2627 1189 2693 etQuatremdre
1206 2626 1376 2698 deQuincy

145 2699 175 2752 ie
194 2697 309 2769 Iupiter
327 2694 483 2767 Olyrnpien
500 2698 590 2752 Parus.
609 2700 688 2756 1816.
707 2715 735 2769 p·
749 2702 791 2754 lt.
812 2705 841 2752 et
858 2701 895 2755 36
912 2697 1025 2768 sq..ubi
1043 2699 1069 2750 is
1088 2698 1249 2765 contendit,
1268 2697 1377 2752 diver-

144 2769 327 2827 sasfuissei
397 2769 459 2822 ines
483 2769 516 2822 in
539 2771 675 2824 armariis
702 2778 830 2824 servatas
849 2769 1140 2834 (Abneubilder,
1164 2785 1280 2848 ganas
1299 2769 1377 2822 Bu-

144 2848 229 2896 stsn
252 2839 333 2894 ‚mit
393 2855 446 2894 em
471 2837 645 2926 Aniauge
680 2840 745 2896 der
776 2839 1010 2917 Bekleidung·
1043 2859 1107 2897 aus
1144 2841 1376 2896 colorirtam

144 2909 303 2978 Waohs)
321 2929 338 2964 a
356 2909 522 2966 simulacris
539 2929 644 2977 oerers,
663 2908 963 2982 (Waohsbilder)
988 2915 1111 2982 quaein
1130 2929 1198 2968 exse
1241 2913 1286 2977 'is,
1316 2931 1377 2966 an-

144 2985 256 3038 teriore
274 2983 379 3052 eapitis
418 2990 482 3038 arte
500 2983 535 3038 ab
552 2983 727 3059 imaginibus
746 2983 884 3052 detracta,
913 2983 1064 3039 larvarum
1089 2985 1154 3040 looo
1177 2930 1378 3050 abbione-int

143 3053 275 3110 Romani.
305 3053 348 3106 of.
374 3000 416 3107 ad
429 3052 460 3117 0,
479 3057 506 3111 8,
526 3073 554 3110 n.
575 3059 602 3112 8
622 3055 652 3109 Ο.
672 3059 717 3111 11.
735 3072 766 3108 ιι.
786 3057 813 3110 3.
851 3087 885 3098 -
911 3056 1047 3126 quioquid
1071 3057 1178 3110 avitum
1204 3055 1378 3111 Neronibus
1403 3127 1404 3130 Ἴ

144 3123 209 3182 edd.
228 3125 301 3180 Em.
321 3121 419 3180 Obori.
438 3132 468 3180 st
486 3125 612 3182 aliorum
630 3145 666 3181 ex
685 3125 795 3182 emend.
816 3123 963 3180 chiffletii
982 3135 1012 3182 et
1029 3128 1065 3181 Li
1086 3129 1133 3184 sii.
1154 3127 1375 3254 pilbabitugsagt'.

1202 3243 1209 3257 e
1228 3218 1257 3252 Vs
1346 3217 1378 3253 ἶ·

142 3283 195 3324 asts
211 3283 244 3321 eu
262 3266 392 3324 tertioue.
425 3265 483 3322 Sed
501 3285 606 3324 aarum
622 3269 740 3324 videtur
758 3269 873 3334 aridem,
896 3283 953 3340 pro
980 3287 1038 3341 qno
1064 3279 1094 3325 st
1112 3271 1179 3328 aliis
1206 3270 1280 3325 loois
1299 3271 1377 3328 sub·

143 3341 279 3395 stitutum
296 3335 430 3392 babitans.
450 3357 479 3392 v.
499 3339 534 3393 ad
552 3345 595 3406 13,
615 3343 661 3406 34,
681 3344 706 3394 1.
725 3343 769 3408 lt,
792 3345 835 3406 18,
854 3343 879 3398 3.
900 3343 994 3413 intpp.
1015 3342 1120 3395 lustin.
1137 3348 1163 3409 1,
1184 3347 1208 3398 1.
1227 3343 1376 3402 attaler.

143 3413 217 3466 Max.
244 3412 272 3477 6,
290 3413 319 3476 b,
337 3413 364 3466 3.
402 3408 563 3465 Diversitas
588 3411 750 3482 scripturos
777 3411 845 3465 inde
873 3421 947 3478 orta,
979 3414 1058 3484 qnod
1081 3431 1097 3467 a
1121 3413 1250 3468 librariis
1273 3415 1377 3472 medii

61 3539 66 3546 ,
143 3482 208 3538 sevi
228 3482 340 3552 saepius
358 3481 375 3534 b
394 3481 537 3551 seriptum
555 3497 610 3553 pro
627 3495 655 3548 u,
674 3483 715 3544 (v.
736 3481 772 3536 ad
789 3487 833 3549 11,
852 3485 880 3550 6,
902 3483 942 3546 1.)
961 3493 990 3562 pt
1008 3504 1024 3538 a
1042 3501 1058 3539 e
1076 3500 1092 3538 o
1111 3485 1184 3540 olim
1212 3487 1244 3540 in
1261 3487 1378 3544 multis

142 3553 263 3607 vocibus
287 3567 355 3604 oum
380 3569 410 3604 ss
432 3552 556 3607 irationo
577 3553 775 3630 pronuntiata,
802 3572 829 3610 v.
849 3571 875 3608 o.
898 3553 967 3608 bave
991 3564 1021 3610 et
1042 3554 1112 3610 bate
1151 3572 1184 3610 ro
1210 3573 1268 3622 aar,
1295 3555 1378 3614 baa·

142 3637 221 3691 rora,
240 3619 358 3688 bareas,
377 3569 481 3688 dabira,
500 3620 634 3688 delicata,
654 3622 761 3689 baeeta,
780 3622 915 3690 Mactata,
934 3623 1094 3695 bausterus,
1142 3627 1237 3694 adria,
1250 3629 1377 3698 Haaao,

142 3694 303 3758 lienium,
322 3694 478 3760 Hannibal,
496 3693 671 3762 Hasdrubal,
689 3693 862 3764 acbadens'a,
882 3695 1010 3764 abessam
1029 3695 1241 3766 Abeuobarbse,
1270 3698 1378 3768 bolus,

142 3763 259 3833 baana,
278 3764 416 3820 Maestae
434 3775 464 3820 et
481 3765 540 3822 alia
547 3779 736 3839 proauum,
755 3773 844 3822 a'reaa
857 3777 914 3824 oet.
934 3767 1211 3836 Gi.Grotef.(1nai.)
1231 3773 1377 3833 Gratum.

142 3835 528 3908 ’1“.11.1.179.199.399
566 3839 702 3910 quioquid
724 3835 859 3906 babitans,
880 3857 1046 3965 possessum
1074 3859 1100 3908 a,
1124 3843 1297 3909 Neronibus,
1326 3849 1378 3905 ef.
1403 3865 1404 3868 ¹

142 3908 205 3968 lnd.
224 3909 278 3964 111.
298 3927 326 3962 v.
345 3908 469 3964 Datiano
486 3909 667 3968 subiectiora.
705 3909 762 3966 Sed
780 3921 861 3967 recto

143 4000 169 4052 q.
188 3979 298 4036 auitum
314 3977 361 4046 Ν,
381 3981 458 4052 quoi
475 3980 656 4036 in'ordinem
682 3991 857 4054 receperunt
880 3983 953 4038 Era.
977 3983 1027 4042 0b.
1056 3993 1085 4039 et
1108 3984 1172 4040 alii.
1201 3983 1302 4042 01.ιά
1323 3991 1379 4056 13,

141 4056 188 4118 39,
209 4057 234 4109 1.
256 4061 285 4106 et
304 4055 348 4117 lt,
368 4055 411 4118 18,
429 4055 456 4109 9.
476 4086 508 4096 -
529 4053 561 4107 ia
577 4053 702 4122 pretium
715 4054 818 4122 probri
834 4055 963 4120 cessisse,
981 4074 1010 4111 v.
1030 4056 1066 4112 ad
1084 4073 1109 4111 c·
1129 4058 1174 4114 12.
1193 4075 1223 4110 ιι.
1244 4059 1271 4114 2.
1296 4074 1379 4126 pre·

142 4125 217 4178 tium
235 4121 292 4178 MS.
312 4121 393 4177 Flor.
414 4131 443 4178 st
461 4123 524 4182 edd.
543 4143 601 4182 reo.
619 4125 745 4194 precium
770 4125 833 4180 edd.
853 4133 912 4180 vet.
934 4157 967 4168 -
986 4127 1195 4200 incensamque,
1223 4129 1261 4183 cf.
1283 4129 1323 4182 sd
1344 4135 1378 4196 2,

141 4195 642 4266 at,1.tncessumqueots.cuelr.
682 4228 715 4241 -
743 4203 932 4266 erumpentem
954 4195 1035 4252 MSS.
1060 4200 1142 4256 Flor.
1169 4199 1267 4255 Guelf.
1292 4199 1378 4258 Bnd.
1403 4207 1404 4210 ’

142 4265 223 4322 bodi.
243 4265 306 4323 odd.
324 4263 402 4338 spir.
422 4265 495 4324 Era.
515 4268 622 4326 et'reo.
638 4275 866 4342 promoveatur
884 4269 946 4326 edd.
966 4269 1029 4324 rur.
1048 4275 1073 4328 1.
1091 4275 1119 4331 1.
1140 4279 1170 4327 et
1187 4279 1243 4330 ost.
1263 4303 1295 4318 -
1319 4289 1378 4328 oa·

903 3909 1049 3968 hifflotius
1067 3913 1227 3970 correxisse
1245 3916 1381 3972 videtur
