2814 4792
186 211 251 280 ace
339 187 346 210 ⁸
573 205 818 315 nnuman
843 205 926 273 um.
948 204 1041 272 xw.

187 376 251 432 aiae
267 353 427 446 resipiscet.
464 373 528 432 Nec
543 372 633 430 iliter
650 376 746 446 sapies
762 373 843 442 lut,
861 371 940 445 qnod
955 373 1056 428 Vibius
1073 371 1216 458 relegatus
1236 379 1286 437 est,
1309 374 1365 424 eni-

188 451 225 504 lii
243 449 329 504 etiam
346 464 471 522 poenam
488 449 619 514 meritus,
644 447 703 502 nisi
726 449 820 502 frater
843 445 1065 500 interemisset.
1109 441 1156 498 sie
1178 445 1250 510 att,
1273 445 1312 500 tt.
1341 442 1365 495 C.

189 520 289 576 Silano
307 519 535 606 repetundarum
551 519 684 574 damnato
702 537 776 590 aqua
792 525 879 588 atque
898 517 962 594 igni
980 513 1170 570 interdictum
1191 513 1223 568 ob
1248 515 1367 590 insignem

190 591 253 647 scil.
273 591 450 647 neelfiamss
469 591 545 658 lips.
581 589 666 658 „Lex
683 589 761 644 Iulia
778 588 813 644 de
831 607 863 643 re
884 585 998 643 etundis
1017 605 1033 640 a
1050 586 1105 640 lul.
1121 587 1235 642 Caesare
1250 595 1307 656 post
1318 585 1367 638 ca-

189 663 336 790 autc
350 605 929 802 mm}
996 656 1367 785 nt

190 810 234 864 71.
253 810 297 863 37.
316 807 348 860 in
366 805 462 878 Vatin-
482 821 506 858 e.
528 807 571 862 17.
590 819 645 878 pro
663 804 732 858 ltab.
750 802 845 858 Postb.
866 820 891 860 c.
909 805 935 860 4.
955 804 999 858 14.
1018 819 1063 874 ep.
1081 801 1118 856 ael
1130 800 1188 854 div.
1207 803 1232 868 8,
1249 803 1272 854 7.
1280 799 1334 875 Dig.
1342 801 1366 852 b.

191 881 236 936 48.
255 879 303 934 tit.
321 881 365 934 11.
393 875 589 930 Constitutum
607 884 669 930 arat
688 893 721 930 ea
738 875 814 952 lege,
833 875 903 946 quid
921 881 950 928 et
968 892 984 928 a
1002 889 1058 944 quo
1075 873 1205 943 accipere
1230 876 1259 926 in
1274 873 1378 942 prouin-¹

193 949 239 1003 cia
256 947 367 1004 liceret.
388 965 416 1002 v.
437 947 496 1004 Cic.
518 965 563 1020 ep.
582 947 619 1001 ad
637 947 697 1000 Ast.
715 949 743 1012 4,
762 950 804 1003 17.
833 955 862 1001 et
882 947 924 1002 16.
961 943 1080 998 lubebat
1105 945 1190 998 etiam
1210 951 1270 1015 post
1294 941 1368 995 Servi·

193 1020 264 1074 liam
282 1029 311 1074 ut
330 1019 507 1088 Corneliam,
526 1021 552 1073 si
569 1037 585 1074 e
602 1018 684 1074 bonis
703 1017 738 1073 de
757 1017 923 1089 repetundis
943 1014 1126 1070 condemnati
1149 1031 1206 1068 non
1222 1023 1320 1068 tantum
1333 1031 1368 1066 re·

194 1089 354 1168 digeretur,
380 1093 480 1163 quanti
505 1091 543 1144 lis
571 1091 599 1145 ei
624 1090 775 1144 aestimata
800 1097 884 1155 esset,
908 1087 1047 1158 reliquias
1072 1086 1106 1140 ab
1130 1087 1166 1140 iis
1195 1087 1324 1158 persequi,
1343 1083 1369 1137 ad

195 1179 267 1234 quos
286 1181 318 1218 ea
335 1165 457 1234 mannia
493 1165 662 1218 ervenisset.
683 1178 711 1215 v.
730 1160 791 1217 Cio.
811 1178 839 1231 p.
859 1159 926 1214 Rab.
946 1156 1042 1214 Posth.
1062 1174 1088 1214 o.
1107 1157 1152 1214 4.“
1170 1157 1232 1210 Era.
1251 1155 1367 1210 claudio.

196 1237 228 1288 in
246 1233 310 1288 Iud.
330 1235 438 1312 legum.
466 1180 510 1288 gf.
531 1231 609 1300 adl,
628 1237 673 1300 74,
691 1235 717 1289 3.
738 1236 781 1298 ll,
800 1235 828 1298 b,
845 1235 872 1288 2.
901 1229 1000 1306 Sigon.
1020 1229 1055 1284 de
1074 1228 1163 1282 tutte.
1173 1229 1199 1296 7,
1211 1231 1252 1286 77.
1269 1229 1368 1282 Gravius

196 1306 347 1434 aar·
363 1307 472 1448 stt·
492 1307 624 1444 ttae
644 1303 787 1429 titt
798 1302 909 1432 tte
921 1320 959 1428 'a
968 1300 1031 1429 ¹¹3⁶·
1040 1300 1074 1428 1¹0·
1094 1299 1273 1429 77717·
1289 1299 1369 1435 tte

197 1414 385 1502 omissum’in
403 1395 460 1502 Md.
480 1447 580 1503 Guali.
601 1475 633 1488 -·
652 1435 754 1512 fratris
771 1411 875 1514 opibds,
894 1409 1007 1498 dividiis
1025 1452 1054 1498 et
1072 1409 1241 1498 ductorit'ate
1257 1443 1284 1495 id
1296 1443 1369 1513 persi-

197 1527 287 1574 cerat.
324 1520 426 1586 fratris
442 1521 537 1588 opttus
555 1517 634 1574 MSS.
655 1518 739 1574 Gorb.
759 1526 789 1572 at
806 1517 953 1572 recentior
969 1515 1049 1572 Flor.
1069 1513 1173 1570 aPieb.
1193 1513 1310 1576 collatus,
1324 1512 1369 1564 edd.

196 1590 275 1646 Pieb.
296 1599 324 1646 et
342 1609 404 1664 sqq.
428 1593 484 1657 frte
499 1591 593 1644 oribus
610 1590 667 1644 ms.
687 1589 766 1644 Flor.
795 1588 882 1654 fratri
898 1587 1037 1640 sororibus
1053 1585 1132 1644 MSS.
1151 1585 1229 1640 Bodl.
1246 1585 1305 1640 Bud.
1324 1584 1370 1646 fru-

197 1665 252 1717 tria
268 1663 407 1718 serenta-s
423 1662 482 1718 MS.
502 1663 599 1718 Gueli.
628 1662 729 1728 fratris
747 1662 842 1727 fucore
859 1659 920 1714 edd.
939 1661 1002 1716 Put.
1023 1663 1048 1713 1.
1069 1660 1147 1713 bet
1164 1665 1219 1712 cet.
1242 1665 1298 1712 aute
1312 1654 1369 1707 tien

198 1734 284 1800 {ratri
303 1775 310 1788 .
331 1773 338 1788 .
359 1771 367 1786 .
387 1773 393 1788 .
414 1737 504 1790 eane
523 1733 565 1790 ed
585 1733 604 1788 S
627 1735 664 1787 ir.
684 1765 717 1776 -·
736 1731 826 1786 enisus
843 1730 900 1788 MS.
919 1729 1000 1785 Flor-
1023 1731 1110 1792 (teste
1128 1729 1215 1793 vict.)
1238 1728 1292 1784 edd
1314 1727 1370 1798 Spir.

198 1805 271 1864 Ern.
288 1808 370 1863 Brut.
389 1807 438 1866 Ob.
456 1805 548 1866 Bekis.
566 1809 593 1864 7.
657 1802 729 1864 alth.
752 1803 854 1858 eniam
871 1801 928 1860 MS.
948 1801 1046 1858 Guell.
1066 1801 1162 1856 enims
1184 1799 1243 1856 edd.
1260 1807 1306 1857 oet.

616 1976 808 2036 CAPUT
868 1975 992 2032 XXIX.

281 2087 443 2150 Caesonio
464 2086 567 2149 Paeto
588 2095 622 2150 et
642 2087 801 2152 Petronio
823 2085 1022 2170 Turpiliano
1045 2083 1138 2150 (loss.
1161 2083 1265 2172 gravis
1292 2076 1378 2143 clades

200 2172 237 2234 in
257 2171 433 2234 Britannia
453 2176 603 2252 accepta:
631 2171 666 2230 in
689 2189 877 2253 quareque
900 2169 938 2232 A.
961 2168 1082 2232 Didius
1111 2171 1246 2256 legatus,
1270 2173 1302 2227 ut
1324 2181 1378 2244 rna-3

200 2255 344 2325 moravi,
372 2253 436 2315 uisi
463 2260 559 2333 parta
586 2256 784 2332 retinuerat,
815 2261 849 2315 et
881 2271 1053 2316 successor
1072 2251 1240 2316 Veranius
1269 2245 1378 2324 modieis}

202 2335 396 2400 excursibus
435 2333 564 2396 Siluras
597 2336 792 2418 populatus,
826 2337 906 2421 quin
938 2337 1028 2398 ultra
1065 2335 1196 2399 bellum
1231 2334 1378 2416 proterret»,

201 2427 311 2481 morte
333 2417 522 2500 prohibitus
544 2425 605 2498 est,
628 2439 756 2506 magna,
784 2419 863 2481 dum
884 2421 982 2498 vixit,
1018 2421 1206 2484 severitatis
1226 2421 1310 2491 lama,
1335 2430 1378 2494 ⁸⁰·ss

202 2502 326 2586 premis
347 2501 536 2563 testamenti
564 2501 676 2564 verbis
704 2503 895 2578 ambitionis
924 2503 1136 2580 manifestus,
1164 2503 1275 2586 qnippe
1299 2494 1378 2560 multa}

203 2587 239 2648 in
250 2583 282 2647 N
284 2603 418 2646 eronem
425 2583 619 2670 „adulatione
631 2584 770 2666 addidit,
790 2586 1020 2648 subiecturum
1034 2588 1065 2647 ei
1078 2589 1278 2668 provinciam
1293 2581 1378 2652 tuisse,

204 2670 234 2730 si
255 2668 388 2729 biennio
410 2669 561 2749 proximo
582 2671 730 2734 vixisset.
774 2661 839 2732 Sed
867 2679 939 2730 tum
960 2669 1120 2732 Paulinus
1147 2669 1311 2731 Suetonius
1335 2659 1378 2740 ⁰bt

204 2751 332 2814 tinebat
351 2751 528 2812 Britannos
550 2755 689 2814 scientia
710 2754 851 2814 militiae
873 2761 906 2814 et
927 2772 1064 2816 rumore
1084 2753 1214 2836 populi,
1233 2751 1283 2834 qui
1301 2743 1378 2808 neni-t

204 2854 280 2896 nem
302 2837 373 2895 sine
394 2833 522 2894 aemulo
543 2835 634 2912 sinit,
663 2834 861 2900 Corbulonis
883 2843 1095 2896 concertator
1117 2844 1316 2918 receptaeque
1333 2827 1378 2912 At,

205 2919 334 2980 maniae
371 2913 471 2978 decus
511 2929 651 2998 aequare
687 2917 821 2980 domitis
852 2915 1080 3000 perduellibus
1114 2922 1255 3002 cupiens.
1298 2912 1378 3002 Igitur

205 2999 343 3062 Monam
370 2999 513 3060 insulam
543 3001 659 3063 incolis
692 2999 836 3062 validam
865 3009 899 3062 et
926 3003 1172 3082 receptaculum
1201 3002 1378 3084 perfugarum]

206 3081 345 3169 aggredi
367 3089 463 3164 parat
484 3101 648 3165 navesque
669 3085 853 3147 fabricatur
875 3084 974 3167 plano
1005 3085 1101 3146 alveo
1130 3084 1280 3146 adversus
1304 3071 1378 3150 breed

207 3174 242 3229 et
262 3169 440 3228 incertum.
484 3164 541 3226 Sic
561 3165 667 3247 pedes.
712 3168 846 3250 Equites
866 3165 953 3230 vado
974 3170 1082 3229 secuti
1104 3176 1163 3230 aut
1173 3169 1298 3228 altiores
1315 3163 1378 3221 intel

206 3246 311 3311 undas
332 3248 489 3311 adnantes
511 3251 604 3330 equis
626 3251 810 3313 tramisere.
1377 3293 1378 3332 ,

1377 3333 1378 3360 1

280 3369 304 3422 1.
325 3365 461 3420 Caesonio
480 3365 579 3421 Pastor
598 3368 706 3432 „Hunc
724 3369 839 3438 Lipsius
858 3375 888 3422 et
905 3365 1041 3422 Freinsh.
1061 3367 1235 3424 ,nistimant
1256 3381 1309 3420 esse
1331 3367 1378 3426 eunt

208 3437 285 3502 dean,
305 3438 355 3507 qui
375 3438 544 3491 Caesennius
563 3438 664 3493 Paetus
681 3440 791 3493 dicitur
808 3443 852 3507 15,
871 3442 896 3494 6.
916 3447 1109 3510 tanqsram‘ex
1126 3441 1273 3496 consulmu
1289 3437 1322 3488 ita
1330 3430 1378 3506 Gap}

209 3509 344 3632 padociae
366 3510 549 3592 praepositus
572 3513 611 3563 ait
628 3519 662 3563 ut
684 3511 836 3566 Petronius
862 3511 1038 3565 Britannias.
1082 3511 1155 3566 lude
1180 3501 1378 3626 sequereturscffl

232 3588 297 3633 urus
316 3597 375 3632 vrri
393 3595 511 3634 nomina
529 3589 579 3636 aut
595 3581 645 3634 hic
662 3590 713 3636 aut
729 3583 770 3636 ibi
788 3601 805 3636 a
822 3583 951 3637 librariis
969 3589 1130 3653 peccatum.
1157 3585 1261 3638 Verum
1277 3575 1350 3632 distin

209 3652 362 3721 utriusque
385 3652 495 3704 mentio
523 3653 555 3706 in
579 3652 686 3708 duobus
712 3653 872 3725 lapidibus.-
902 3654 987 3708 Alter
1012 3671 1057 3725 ap.
1084 3655 1202 3711 Gruter.
1226 3673 1253 3725 p·
1271 3653 1310 3714 ot,
1326 3649 1344 3699 7·
1363 3627 1378 3704 tl

182 3792 184 3798 Α
210 3721 341 3793 Onuphr·
360 3719 396 3775 ad
413 3739 437 3774 a·
456 3721 492 3780 U.
510 3726 572 3796 814.
610 3724 777 3779 Caesonium
795 3725 911 3782 Paetum
929 3725 1078 3780 consulem
1095 3726 1212 3780 exbibet
1235 3741 1295 3779 cum
1310 3715 1378 3794 1141701

210 3795 261 3848 nso
287 3793 476 3864 cumeum,
501 3793 578 3848 altu
604 3814 649 3852 a.
679 3798 797 3852 crater.
822 3815 852 3868 p.
871 3801 917 3862 os,
935 3801 960 3854 a.
991 3805 1020 3851 et
1037 3800 1099 3862 sss,
1118 3803 1145 3855 s.
1183 3797 1213 3850 s.
1237 3775 1378 3860 creseunt

211 3863 328 3918 Paetum
346 3881 411 3918 cum
428 3863 459 3916 P.
481 3864 608 3923 Calvisio
650 3885 749 3934 usone,
768 3869 931 3935 suffectum,
959 3877 993 3922 ct
1009 3877 1089 3939 puto,
1114 3867 1171 3923 boc
1197 3870 1260 3939 ipsc
1281 3873 1371 3918 annos

212 3935 408 4020 m.M³.¹'til⁸
426 3945 456 3991 et
474 3939 643 4008 insequente
663 3942 694 3994 in
713 3941 921 4012 Cappadociam
941 3941 1077 3994 missum:
1104 3939 1175 3992 buia
1198 3940 1272 3993 euim
1288 3928 1376 3988 constit

213 4023 411 4091 nausnsrgnsa
429 4009 600 4064 tribuuntur
619 4013 661 4074 15,
681 4018 707 4068 7.
726 4021 755 4067 et
772 4012 856 4066 Lucii
872 4029 1048 4082 praenomen
1068 4009 1201 4081 aXipbil.
1220 4013 1263 4076 67,
1279 4011 1317 4064 711.
1334 4001 1365 4053 0⁰

211 4095 311 4134 consur
329 4095 399 4132 vero
418 4081 520 4136 Paetus
537 4081 658 4138 fortasse
685 4084 761 4139 idern
785 4086 837 4155 qui
855 4085 1012 4140 Onerariae
1038 4081 1184 4136 mmmm
1202 4085 1245 4145 15,
1262 4083 1301 4134 71.
1317 4081 1365 4128 ΘΗ

212 4150 337 4208 Martini.
357 4151 384 4218 7,
401 4155 446 4210 43.
464 4155 509 4209 44.
527 4153 578 4208 ubi
597 4155 699 4208 consul
717 4156 826 4220 dicitur
846 4163 875 4209 et
893 4156 1016 4209 intimus
1034 4153 1158 4210 Senecae
1176 4149 1303 4208 amicust
1323 4146 1358 4210 111

212 4223 271 4276 llic
295 4223 446 4277 Caesonius
470 4223 571 4278 Paetus
589 4235 768 4284 memoratur
789 4228 879 4282 etiam
902 4228 935 4281 in
959 4226 1042 4280 catal.
1074 4224 1232 4290 consulum,
1262 4221 1308 4292 qui
1330 4213 1362 4267 lih

213 4295 300 4356 nm
318 4293 464 4368 Xipbilini
480 4296 625 4368 praefixus
651 4305 704 4367 eet,
733 4307 763 4356 et
780 4317 797 4356 a
813 4297 974 4378 Phlegonte
992 4297 1028 4354 de
1046 4301 1147 4356 mireb.
1175 4314 1200 4354 o.
1218 4298 1259 4355 77.
1285 4290 1328 4347 ubi
1347 4273 1378 4356 pil
