2814 4792
124 231 269 299 CAPUT
289 229 484 298 XXXVIII.
519 231 676 300 XXXIX.
699 163 752 317 ld.
766 231 885 303 ΗΘΜ.
908 235 948 302 A.
963 235 1081 317 (261.)
1153 237 1218 304 oio

9 401 55 457 Sed
74 401 163 466 lituu
183 407 334 472 postrema
360 417 377 455 a
403 400 501 472 prima
522 400 605 457 vocis
628 416 688 474 seq.
712 402 847 475 absorpta
864 409 918 458 eet.
944 435 979 449 -
999 403 1108 474 proelio
1131 421 1214 476 „pro
1290 419 1293 428 ¹

10 475 75 536 telin,
91 481 124 526 ut
139 473 293 540 praemi
310 474 356 540 12,
375 475 418 528 te
438 481 469 527 et
486 481 589 528 contra
606 475 705 528 battua
728 489 784 546 pro
804 476 919 543 proelio.
947 492 978 529 r.
1003 477 1040 530 ad
1057 480 1085 542 2,
1103 479 1148 540 ot,
1166 475 1214 532 Ἠ

10 545 95 598 litter.
114 561 223 599 racem.
242 547 286 600 33.
306 551 337 596 et
355 542 446 602 Obert.
470 541 604 612 '„Immo
621 545 678 624 leg.
698 547 775 612 detto,
794 547 897 600 saltem
917 547 1035 616 proeli&
1058 555 1108 600 aut
1129 563 1213 616 prue-

10 615 224 684 ummo-cao.
244 623 275 670 et
290 615 358 672 Em.
379 648 411 658 -
431 617 509 670 udor
526 617 645 670 aduersu
660 619 797 686 pravitati
813 618 901 686 ipatus
928 618 1099 684 (tribuebat,
1123 621 1215 696 assig-

12 689 102 754 nabat),
118 703 257 757 prospero
273 688 312 740 ud
327 689 466 754 [primm
487 689 670 756 reipublicae
695 689 844 757 referebat,
870 691 907 744 ct.
926 689 991 744 Iud.
1011 689 1063 744 111.
1083 709 1110 747 v.
1142 691 1213 746 Con-

11 761 110 813 structio
134 759 281 812 entonam
303 759 413 811 mrtata
437 767 467 814 at
484 759 620 829 Syltepets
645 777 691 814 nr.
709 765 736 818 3.
772 759 948 828 „Sententia
972 770 1033 816 tota
1057 770 1170 833 sumpta
1195 781 1213 817 a

11 827 67 886 Sall.
86 848 131 903 ap.
153 831 229 886 Non.
249 834 277 896 4,
296 833 357 887 toa.
376 831 495 884 adverse
513 833 543 885 iu
614 833 733 900 mearent,
762 833 880 888 secunde
897 835 928 886 tu
944 849 1047 900 enimn,
1074 836 1214 902 fanonem

11 903 33 954 ie
48 901 227 956 teneritatem
244 902 434 962 decttuueedo.“
451 901 526 972 Ltpe.
586 941 593 956 .
613 903 648 959 ad
666 908 693 970 3,
711 909 755 972 53,
775 910 800 963 3.
821 913 850 958 et
931 907 1001 962 .n⁷.
1020 923 1049 958 u.
1070 909 1096 962 3.
1115 907 1213 974 pravi-

11 974 53 1025 tati
73 974 159 1027 iatius
184 971 241 1026 MS.
263 973 359 1028 Guelt.
378 975 417 1026 nd
431 977 570 1042 fortunam
587 977 772 1045 reipublicae
799 975 863 1032 edd.
904 984 945 1034 ut.
965 982 991 1032 1.
1010 979 1036 1033 3.
1060 977 1125 1029 lter.
1149 995 1211 1048 sqq.

11 1043 46 1096 ct.
63 1045 97 1100 de
116 1047 230 1118 [wione
249 1053 278 1100 et
295 1041 430 1111 felicitate
447 1047 493 1100 rei
506 1047 582 1114 peut..
597 1047 633 1102 ad
649 1049 674 1101 A
713 1087 719 1102 .
739 1054 766 1106 3.
784 1065 813 1102 u.
827 1053 853 1104 1.
869 1063 1005 1118 prospere
1021 1049 1059 1102 ad
1074 1051 1213 1116 fertonem

9 1115 85 1182 priua
101 1117 241 1182 referebat
257 1113 332 1170 MSS.
358 1115 439 1170 Flor.
464 1116 546 1170 Harl.
570 1120 652 1172 Bodl.
687 1137 724 1176 es.
752 1120 825 1174 Bud.
845 1118 942 1175 Guelf.
971 1136 1108 1188 prospera
1124 1127 1214 1174 autem

10 1189 123 1250 tatum
142 1188 231 1256 ipsius
249 1188 406 1253 referebant
423 1185 478 1244 MS.
498 1188 566 1274 Reg-
588 1190 679 1244 etad.
698 1189 778 1262 Spir.x
798 1207 933 1260 proupm
957 1193 1083 1258 {ortunae
1106 1193 1214 1258 resere-

9 1257 61 1310 tur
77 1259 136 1312 lus.
154 1259 223 1346 Agr.
247 1260 286 1313 ud
301 1261 439 1326 fortunam
455 1261 569 1329 imperat
586 1263 725 1329 referebat
742 1263 817 1318 coni.
841 1263 900 1319 Iac.
919 1261 1009 1321 Grou.
1037 1271 1067 1318 et
1092 1264 1130 1318 ud
1153 1265 1169 1330 f
1199 1291 1214 1308 ·

8 1337 87 1384 dnm
104 1333 157 1399 (sc.
176 1331 282 1404 ipsius)
300 1332 439 1399 referebat
456 1331 529 1386 Em.

405 1502 599 1558 carot*
650 1501 806 1563 xxxix

75 1610 189 1698 Igitur
208 1606 252 1673 ad
271 1610 486 1694 spectandum
507 1611 701 1676 Britanniae
714 1621 845 1678 'statum
866 1615 987 1678 missus
1008 1625 1089 1680 este
1109 1614 1213 1681 liber-

7 1693 43 1756 tis
61 1693 256 1776 Polyclitus,
278 1714 394 1781 magna
417 1695 565 1760 Neronis
594 1716 663 1778 spe,
693 1716 791 1776 posse
817 1701 1018 1762 auctoritate
1046 1701 1117 1762 eius
1145 1721 1212 1764 non

7 1777 93 1840 modo
116 1780 209 1838 inter
230 1777 374 1864 legatum
395 1787 716 1862 procuratoremque
736 1779 950 1844 concordiem
972 1784 1077 1867 gigni,
1098 1781 1157 1845 sed
1179 1791 1214 1846 et

7 1859 139 1922 rebelles
159 1860 380 1923 barbarorum
401 1863 528 1926 animos
559 1881 640 1945 pace
667 1865 832 1944 componi.
875 1861 947 1926 Nec
980 1863 1086 1926 deluit
1112 1866 1212 1948 Poly-

7 1943 111 2022 clitus,
149 1962 216 2025 quo
247 1943 356 2006 minus
387 1945 517 2030 ingenti
551 1945 681 2032 agmine
709 1945 826 2008 Italiae
857 1943 1050 2030 Galliaeque
1085 1952 1212 2048 gravis,

6 2035 169 2110 postquam
192 2025 361 2090 Oceanum
383 2031 626 2105 transmiserat,
648 2029 811 2092 militibus
833 2050 961 2113 quoque
989 2038 1115 2093 nostris
1145 2041 1213 2094 ter-

6 2109 104 2173 ribilis
138 2106 323 2174 incederet.
374 2109 439 2175 Sed
466 2111 616 2175 hostibus
648 2113 767 2176 irrisui
798 2115 874 2192 luit,
908 2111 997 2196 apud
1024 2133 1117 2196 quos,
1152 2117 1213 2177 tla-

7 2201 115 2276 grante
136 2195 241 2255 etiam
261 2199 333 2255 tum
355 2193 522 2274 libertate,
556 2192 704 2257 nondum
725 2197 859 2282 cognita
886 2195 1123 2261 libertinorum
1152 2219 1213 2282 po-

6 2280 98 2340 tentia
119 2285 212 2354 erat3
233 2276 442 2340 mirabantur
466 2297 519 2358 ue,
541 2277 628 2360 quod
658 2275 725 2339 dux
746 2287 780 2340 et
812 2281 992 2358 exercitus,
1019 2283 1105 2344 tanti
1131 2281 1214 2346 belli

6 2364 181 2438 coniector,
210 2359 358 2422 servitiis
380 2297 563 2426 obedirent.
607 2359 734 2424 Guntia
763 2369 873 2425 tanim
901 2360 943 2425 ad
972 2361 1212 2446 Imperatorem

6 2441 184 2506 inmollins
206 2443 322 2520 relata,
351 2441 569 2526 detentusque
591 2443 691 2504 rebus
719 2444 880 2530 gerundis
902 2445 1092 2524 Suetonius,
1125 2447 1213 2530 quod

6 2533 70 2603 post
88 2543 212 2610 paucas
234 2543 336 2588 trevas
358 2527 393 2587 in
413 2528 515 2589 litore
542 2528 784 2612 remigiumque
812 2527 847 2588 in
874 2528 916 2589 iis
944 2531 1112 2602 amiserat,
1139 2539 1212 2594 tan-

7 2627 92 2688 quam
121 2607 269 2672 durante
296 2607 397 2686 bello,
432 2607 566 2672 tradere
596 2611 780 2671 exercitum
808 2609 967 2673 Petronio
996 2611 1210 2696 Turpiliano,

6 2694 55 2770 qui
75 2695 143 2754 iam
167 2692 342 2755 consulatu
362 2692 500 2770 abierat,
530 2691 676 2756 iubetur.
719 2691 751 2754 Is
773 2713 840 2755 non
863 2693 999 2756 irritato
1030 2693 1125 2760 hoste
1153 2717 1211 2761 ne·

6 2793 58 2856 que
77 2775 252 2838 lacessitus
273 2773 449 2841 honestum
470 2777 560 2858 pacis
581 2795 701 2838 nomen
722 2779 816 2864 segni
837 2777 907 2839 otio
928 2777 1097 2859 imposuit.

63 2897 87 2949 1.
106 2911 124 2948 e
141 2892 253 2948 libertis
270 2889 327 2947 MS.
346 2891 427 2949 Flor.
452 2891 539 2958 (teste
557 2891 660 2960 Furia)
687 2893 749 2947 edd
774 2891 852 2965 Spir.
875 2891 965 2951 nekk.
984 2893 1011 2952 I.
1044 2911 1078 2948 ex
1101 2896 1212 2950 libertis

6 2963 57 3020 edd.
76 2975 133 3021 cet.
173 2961 253 3018 Illud
271 2963 391 3018 mollius
429 2967 579 3037 ratiusque
597 2973 656 3032 est3
679 2963 781 3019 Wattb.
819 2965 968 3019 elibertis
986 2967 1111 3021 Neronis
1128 2967 1211 3037 Poly-

6 3036 81 3103 diue,
99 3037 137 3092 de
199 3051 263 3094 ov.
282 3035 317 3090 II.
337 3041 363 3102 1,
382 3039 399 3093 3
419 3073 426 3086 .
445 3037 472 3102 2,
491 3039 534 3093 95.
553 3035 609 3090 Dio
627 3041 672 3104 63,
691 3037 734 3094 m.
771 3035 919 3107 Polyclitus
936 3035 1011 3092 MSS.
1029 3037 1110 3094 Flor.
1130 3039 1209 3106 (test.

6 3107 66 3162 Iict.
90 3117 120 3162 et
173 3109 250 3174 uria)
278 3108 376 3164 Guelf.
406 3107 450 3161 ed.
469 3107 559 3162 Beki.
579 3110 605 3163 2.
632 3117 667 3161 ut
694 3107 777 3162 atil.
797 3113 823 3175 l,
842 3112 885 3165 3⁷.
905 3110 932 3176 3,
951 3111 995 3166 95.
1016 3110 1095 3165 etin
1114 3111 1211 3181 lapide

6 3195 38 3248 tp.
58 3181 181 3236 Gruter.
206 3197 236 3250 p.
256 3183 317 3236 335.
353 3178 496 3234 Potictitus
521 3177 564 3234 ed.
590 3179 667 3250 Spir.
691 3179 923 3250 Polycletoeedd.
948 3189 1003 3238 cet.
1029 3179 1210 3242 Πολύκλειτος

6 3267 38 3319 ep
54 3253 144 3306 Dion.
167 3283 201 3294 -
218 3253 323 3306 mimos
338 3267 406 3322 pure
423 3253 555 3320 componi,
574 3253 613 3304 ci.
633 3251 669 3304 ad
689 3253 732 3318 12,
751 3255 796 3318 3²,
818 3256 842 3306 1.
873 3278 906 3289 -
923 3251 982 3305 Nec
1000 3253 1089 3319 defuit
1106 3253 1137 3309 Ρ.
1159 3271 1211 3325 quo
1321 3301 1325 3310 .

6 3396 109 3462 rederet,
128 3413 162 3450 v.
181 3394 217 3448 ad
233 3397 262 3460 3,
280 3397 308 3461 9,
325 3397 351 3454 2
380 3423 412 3435 -
437 3395 573 3460 flagrem
591 3395 674 3448 etiam
691 3399 747 3446 tum
763 3395 899 3460 libertate,
925 3413 954 3451 v.
978 3341 1150 3464 nquqqnfi
1166 3343 1210 3454 ⁸'eit

6 3469 38 3530 tt,
54 3471 138 3532 ΕΜ
167 3499 201 3510 -·
220 3467 411 3520 libertinorum
433 3463 506 3518 MSS.
530 3467 611 3519 Flor.
636 3465 718 3518 Harl.
742 3464 824 3522 Bodl.
850 3465 905 3520 les.
926 3466 996 3522 Bud.
1022 3467 1119 3526 Guelf.
1146 3469 1209 3524 edd.

6 3531 66 3606 bpir.
94 3541 163 3593 Put.
183 3541 209 3592 1.
227 3539 254 3594 2.
291 3540 450 3594 libertorum
478 3536 543 3591 edd.
568 3537 632 3590 Ber.
657 3535 749 3592 Eheu.
771 3543 794 3595 l.
813 3539 839 3593 2·
858 3540 884 3593 3.
910 3556 972 3610 sqq.
1010 3539 1073 3594 Hoc
1096 3548 1210 3594 rectum

6 3323 81 3375 mnus
99 3331 160 3378 cet.
179 3323 217 3376 cI.
236 3323 272 3378 ad
289 3323 326 3375 II.
345 3326 373 3390 3,
391 3325 434 3380 et.
457 3350 490 3362 -
504 3330 665 3392 postquam:
685 3323 717 3376 in
735 3319 791 3378 MS.
810 3321 880 3374 Bud.
898 3331 993 3392 postea

6 3607 149 3664 intellectu
169 3609 313 3678 caesam,
332 3611 367 3665 de
385 3611 467 3665 cuius
491 3608 560 3662 solis
585 3609 698 3662 libertis
722 3625 830 3676 sermo;
853 3607 921 3662 Era.
959 3609 1039 3676 Quod
1063 3628 1211 3666 commen·
1327 3611 1330 3616 '

6 3685 52 3732 lum
71 3698 134 3735 non
154 3681 223 3736 eatis
243 3697 343 3735 verum
363 3699 422 3737 esse
440 3680 572 3734 videtur:
596 3697 662 3733 nam
682 3682 824 3734 sententia
849 3680 880 3732 iu
898 3682 1069 3736 universum
1089 3689 1209 3755 spectat,
1294 3737 1295 3742 ,

6 3759 28 3802 nt
42 3753 202 3806 Britannos
220 3751 252 3805 in
269 3749 324 3806 hac
341 3770 374 3808 re
395 3750 507 3806 similes
525 3752 586 3804 acci
609 3751 649 3804 ias
668 3751 841 3817 Germanis3
870 3751 972 3806 Wattt.
998 3754 1041 3808 CI.
1066 3755 1103 3808 ad
1124 3755 1160 3811 II.
1182 3760 1208 3820 l,

6 3825 38 3876 u.
55 3834 134 3878 extr.
156 3851 191 3864 -
210 3825 346 3892 seruitiis,
365 3817 465 3880 serris.
486 3822 531 3880 cf.
551 3769 614 3877 lnI.
634 3823 686 3876 ΙΙΙ.
709 3840 739 3877 r.
759 3822 910 3878 Atetracta
933 3827 1042 3880 senona
1067 3841 1119 3895 pro
1145 3841 1209 3880 cou-

6 3898 84 3951 neue.
1116 3917 1119 3923 ·

60 3967 139 4025 2iu
157 3967 267 4021 motitur
285 3969 381 4036 relato,
401 3969 439 4026 ci.
459 3965 521 4022 lud.
541 3963 579 4019 11.
599 3982 628 4020 r.
647 3965 690 4020 ln.
718 3997 752 4040 ··.·
772 3967 945 4040 detentusque
969 3969 1051 4023 rebus
1075 3971 1209 4038 gerundia

7 4033 148 4105 natenius,
168 4039 314 4106 (retentus
332 4039 448 4111 quidem
468 4037 562 4094 estin
580 4039 713 4108 irnperio,
733 4039 793 4104 sed)
818 4039 889 4110 quod
909 4047 974 4110 post
996 4040 1118 4113 (postea)
1140 4057 1209 4111 puu-

7 4121 41 4158 bu
62 4127 151 4165 nunes
170 4142 203 4153 -
220 4111 364 4180 metuerat,
391 4112 504 4166 tradere
526 4111 678 4163 exercitum
702 4107 833 4164 Petronio
852 4144 885 4156 -
904 4113 1022 4166 iubetur.
1059 4111 1107 4167 Sic
1131 4111 1207 4167 MSS.

7 4175 69 4235 Iler.
79 4183 156 4260 ling.
168 4180 252 4236 coro.
263 4181 345 4236 Harl.
362 4183 446 4238 Bodl.
461 4183 515 4236 les.
526 4179 624 4236 Guelt.
638 4181 701 4236 edd.
713 4178 789 4252 Spir.
804 4181 958 4254 Lipsisqq.
979 4183 1057 4238 liene
1069 4192 1098 4239 et
1109 4185 1205 4254 plane'.

7 4254 42 4316 pei
56 4265 126 4309 ante
148 4255 221 4324 qood
238 4253 366 4308 additum
393 4255 425 4309 in
449 4252 512 4308 edd.
535 4249 931 4312 Put.1.a.oer.lthen.1.
961 4257 1033 4326 quod
1056 4271 1209 4326 perpaucae

7 4321 46 4378 lli.
62 4326 136 4382 liud.
160 4325 224 4380 cdd.
244 4323 335 4384 nien.
354 4329 382 4384 i.
400 4329 428 4384 3.
452 4322 567 4394 oreph.
591 4329 656 4394 poet
681 4325 754 4394 quod
774 4339 877 4394 paueat
899 4323 955 4381 mo.
979 4327 1050 4404 Agr.
1075 4327 1123 4398 qui
1145 4335 1209 4397 poet

749 4591 761 4652 Ι.
