2854 4788
241 194 1264 360 fflmmmmwm

46 426 76 476 et
93 429 189 488 sacrm
205 435 280 494 qnae
296 417 356 476 diis
370 417 508 477 fiuent.“
523 418 549 474 1.
567 419 615 476 Fr.
634 419 720 500 tiron·
755 421 851 478 Petito
875 429 945 478 sunt
965 423 1082 496 piacula
1105 443 1123 482 e
1140 425 1264 502 Sibylli·

46 495 91 548 nis
107 492 207 559 libris,
225 509 285 546 non
304 507 322 546 a
341 491 410 556 ds's'e,
429 492 480 546 sed
498 509 531 548 ea
548 494 624 547 facta
641 493 709 562 diis,
726 501 761 548 nt
778 498 878 549 statim
895 496 1042 564 traditum
1064 499 1135 554 Em.
1170 502 1264 560 lmmo

43 566 170 635 pinula,
190 581 261 636 quae
278 564 386 618 fierent
404 564 470 630 diis,
487 565 581 632 petita
600 572 668 619 sunt
686 581 704 619 a
722 565 793 632 diis,
812 566 832 622 i.
845 583 870 621 e.
886 583 903 620 a
920 567 1003 622 libris
1012 567 1171 641 sabellinis,
1190 591 1264 644 quae

45 637 167 691 oracula
183 637 283 690 divina
302 639 503 703 continerent3
521 635 627 692 Kieesi.
664 636 806 704 ‚,Ps'acala
823 653 842 690 a
859 638 918 692 diis
934 641 1027 707 petito
1043 641 1095 696 hic
1110 653 1145 698 ut
1162 644 1265 702 divina

45 709 172 764 consilia
196 716 386 779 opponuntur
411 705 541 772 lammis
570 707 712 767 censebis.
748 710 830 764 Nam
849 709 965 779 piaculo
985 715 1145 786 antiquitus
1168 731 1186 768 a
1204 717 1265 772 diis

41 783 139 850 pateo
157 797 230 845 esse,
248 779 278 836 h.
298 797 322 835 e.
343 779 409 834 deos
430 782 495 834 'essa
519 781 714 858 interrog-atos
741 781 777 835 de
800 780 1002 852 placamentis,
1029 803 1101 856 quae
1117 787 1184 842 fieri
1201 789 1265 845 vel·

43 853 119 920 lent,
183 851 206 904 's
225 851 339 906 nescit?
367 851 417 904 Dii
442 858 539 905 autem
557 853 768 922 respondebant
789 869 845 924 per
862 854 990 918 oracula,
1019 857 1095 928 apud
1120 858 1264 916 Romanos

122 869 217 978 Εᾙοι
240 921 386 995 Sibyllaes
418 939 507 992 quare
531 922 698 994 explicandi
723 940 806 979 causa
838 924 957 979 additur
984 929 1114 1000 aditique
1140 923 1267 1002 Sibyllad

43 941 151 1049 lib-tr
174 993 280 1050 Watst.
317 995 395 1048 Haec
420 995 564 1049 sententia
580 993 760 1065 probabilior
778 1003 823 1050 est
841 1013 927 1068 quam
946 997 1142 1066 Gronovisna,
1169 1019 1266 1075 neque

43 1067 200 1122 refellitur
216 1066 396 1144 argumentis
414 1065 532 1132 Pabstii,
551 1067 602 1136 qui
619 1072 713 1134 putat,
739 1067 774 1121 ah
791 1066 821 1119 h.
840 1066 861 1122 1.
887 1067 982 1124 aliena
1000 1089 1081 1141 esse,
1098 1072 1201 1130 saltem
1218 1075 1266 1128 ni-

43 1139 101 1192 mis
120 1137 260 1215 languere
277 1137 364 1191 verba
379 1138 472 1206 petito
490 1151 508 1189 e
525 1138 586 1192 diis
600 1137 726 1206 primula,
745 1139 813 1208 quia
833 1156 888 1210 per
912 1157 941 1194 se
967 1143 1164 1220 intelligatur,
1191 1143 1266 1202 haec
1320 1142 1324 1152 ⁴

43 1210 79 1264 ah
99 1211 174 1280 ipsis
193 1215 306 1261 uatum
325 1207 381 1261 diis
399 1208 450 1262 vel
468 1225 504 1262 ex
522 1209 561 1264 iis
577 1208 695 1279 exquiri
711 1210 853 1279 potuisse,
871 1209 925 1264 illa
941 1221 1040 1269 autem
1058 1216 1133 1269 aditi
1141 1217 1266 1288 Sibyllae

43 1282 118 1335 iibri
135 1279 249 1333 adiecta
267 1297 338 1346 esse,
357 1280 426 1350 quia
443 1279 501 1334 alio
520 1295 634 1352 qnoque
656 1280 742 1334 modo
766 1288 797 1334 et
821 1283 933 1352 saepius
950 1283 1073 1339 Romani
1096 1276 1267 1358 explorare-

44 1353 109 1406 rint
128 1351 250 1406 deornm
267 1350 459 1419 voluntatem,
483 1353 547 1410 scil.
593 1370 626 1407 er
642 1351 868 1422 haruspicinam.
895 1358 1050 1422 v.11,15‚
1071 1383 1104 1396 -
1140 1359 1267 1430 aditique

43 1424 175 1492 Sibyllae
192 1423 338 1479 Cumanae
355 1423 436 1490 libri,
455 1426 494 1477 cf.
511 1425 548 1478 ad
565 1371 592 1491 d:
611 1426 656 1488 12,
676 1428 701 1478 1.
721 1453 756 1468 ··-
791 1441 826 1478 ea
843 1423 952 1494 quibas,
981 1444 1017 1481 ex
1034 1445 1160 1496 quorum
1205 1449 1267 1488 rae·

42 1498 150 1566 ceptis,
178 1495 335 1549 seeundum
359 1510 441 1562 quos.
478 1495 604 1566 Sibyllae
630 1493 708 1550 MSS.
734 1495 831 1551 Gnelf.
859 1495 922 1550 edd
950 1496 1013 1551 Ber.
1039 1515 1099 1567 sqq.
1142 1449 1268 1572 Sydrum

44 1568 111 1624 edd.
136 1567 217 1638 Spin.
241 1567 304 1622 Put.
325 1569 351 1622 1.
369 1569 398 1622 2.
425 1565 471 1623 Cf.
491 1567 534 1622 ‘ad
554 1572 578 1633 1,
597 1571 624 1634 1,
643 1569 670 1622 2.
695 1575 724 1621 et
741 1571 768 1632 3,
787 1571 831 1635 64,
849 1569 876 1624 2.
914 1569 1060 1640 auditique
1077 1571 1203 1642 Sybs'lloe
1222 1575 1282 1630 ed.»

41 1637 121 1710 Spir-
131 1640 239 1694 osnissa
246 1655 318 1692 voce
330 1637 408 1691 libri.
418 1669 450 1682 -
466 1639 611 1694 Vulcanus
627 1637 659 1691 in
669 1639 727 1693 MS.
739 1638 821 1692 l'lor.
834 1639 995 1693 testeVict.
1005 1641 1174 1696 Volcano...
1190 1647 1267 1716 apud
1299 1663 1306 1672 ·

39 1711 204 1781 proximam
221 1725 310 1776 neore,
340 1709 414 1764 unde
437 1707 539 1764 lausto
557 1725 631 1780 aqua
655 1712 783 1780 templum
803 1716 831 1762 at
848 1703 1033 1765 simulacrum
1051 1713 1119 1768 deae
1133 1731 1268 1787 peraper-

43 1797 108 1835 eune
124 1789 168 1836 est
191 1799 247 1853 pro
272 1789 299 1834 et
322 1796 396 1850 aqna
420 1781 487 1836 inde
512 1780 616 1835 boneta
640 1788 664 1835 t.
679 1786 715 1835 et
732 1780 804 1836 ssd.
820 1797 850 1850 p.
870 1787 919 1836 est.
956 1781 1087 1838 Deorum
1113 1794 1210 1843 antem
1237 1795 1268 1846 et

43 1863 102 1908 tom
125 1853 155 1907 la
180 1861 210 1908 et
231 1853 390 1907 simulacra
412 1852 461 1908 vel
488 1853 602 1907 marina
619 1853 669 1907 vel
692 1851 808 1906 fluviali
827 1868 899 1918 aqua
916 1855 1073 1932 perspergi
1095 1867 1145 1910 aut
1172 1860 1268 1915 hrari

42 1926 106 1980 sole
165 1932 235 1991 t‚r.
254 1939 280 1977 o.
298 1926 400 1978 Vestae
417 1925 500 1992 aquis
519 1942 554 1978 ex
571 1926 653 1980 fonte
672 1923 863 1978 Camenarum
881 1923 1005 1991 haustis,
1024 1929 1066 1989 (v.
1087 1926 1168 1982 ovid.
1187 1931 1266 1987 Fast.
1370 1931 1374 1953 ¹
1423 1947 1424 1974 ι

41 1999 134 2060 3,]2.
154 1997 232 2067 lips.
252 1995 287 2049 de
304 1997 391 2050 Vesta
408 2013 434 2050 c.
454 1995 510 2061 lo.)
529 1995 616 2048 Isidis
641 2011 714 2062 aqua
737 1992 803 2048 Nili
830 1994 880 2049 vol
901 2013 971 2049 vera
988 1997 1038 2051 vel
1062 2000 1207 2056 simulata.
1236 2021 1266 2059 v.

43 2067 139 2122 Gamla
158 2069 195 2122 ad
210 2067 294 2144 Via-g.
313 2066 385 2120 Aen.
404 2071 433 2134 4,
450 2070 512 2124 512.
531 2065 775 2136 intppaluvennl.
796 2067 822 2130 S,
840 2070 897 2124 526
912 2083 974 2134 sqq.
993 2068 1139 2148 nauigari
1162 2073 1268 2128 Sabina

41 2155 70 2209 p·
92 2143 155 2196 184.
174 2142 235 2199 211.
254 2141 317 2195 212.
337 2139 379 2194 ed.
399 2153 447 2208 pr.
474 2138 635 2192 Notissima
653 2145 749 2192 autem
767 2135 875 2192 lavatio
894 2138 1146 2207 (simulacrorum)
1165 2146 1268 2200 ,Vene-
1334 2183 1338 2193 .
1423 2105 1424 2144 3

41 2213 86 2265 ris
104 2210 303 2266 Verticordiae
322 2217 352 2263 et
368 2211 469 2263 Matris
488 2209 582 2262 Deum
600 2210 704 2264 velex
728 2209 809 2264 Ouid„
828 2211 905 2265 Fast.
925 2215 951 2276 4,
970 2215 1026 2272 136
1038 2233 1104 2286 sqq·
1124 2219 1185 2273 est
1204 2233 1267 2288 sqq.

41 2291 76 2338 ut
104 2282 254 2335 lavacrum
276 2281 401 2336 Palladis
425 2298 461 2336 ex
484 2280 597 2350 hymno
618 2279 800 2346 Callimachi,
827 2283 966 2353 adquam
991 2304 1018 2338 v.
1046 2285 1200 2358 spanhem.
1237 2290 1268 2344 sia

38 2355 202 2424 prozimum
217 2368 305 2420 mare,
323 2352 393 2406 unde
411 2350 543 2406 exhauste
563 2353 606 2409 ed.
626 2351 703 2422 Spir.
726 2368 909 2421 perspersum
925 2353 1003 2408 MSS.
1021 2357 1103 2415 llari.
1123 2377 1140 2412 a
1154 2377 1192 2414 m.
1208 2375 1265 2416 seo.

39 2427 116 2502 Agr.
137 2425 180 2482 ed.
201 2423 293 2478 Bekk.
311 2428 339 2481 2.
373 2431 538 2493 prosperum
554 2422 624 2478 MS..
632 2423 731 2477 Guelf.
754 2436 935 2492 prosperatum
953 2426 1024 2480 libri
1043 2439 1097 2483 cet.
1136 2429 1193 2484 Sed
1210 2430 1268 2486 hoo

39 2497 167 2554 verbum
189 2512 249 2549 non
267 2495 338 2549 alibi
364 2496 476 2574 legitur
500 2504 530 2550 et
556 2513 573 2548 a
599 2495 728 2548 liniariis
747 2511 763 2546 e
779 2495 885 2548 simili
907 2498 1072 2568 scripturae
1093 2517 1156 2555 com
1179 2504 1267 2558 endio

41 2570 178 2623 effictum
197 2565 323 2622 videtur.
343 2595 377 2607 -
412 2565 583 2622 sellisternia
604 2565 681 2620 MSS.
706 2564 788 2618 Flos.
815 2565 915 2619 Guelf.
938 2585 955 2618 a
980 2586 1018 2621 ιιι.
1036 2587 1086 2640 pr.
1109 2520 1180 2629 Bud.
1200 2574 1265 2630 edd.

1423 2571 1424 2598 .

40 2641 136 2711 nysa.
167 2639 225 2694 ιιι.
254 2639 346 2692 omn.
376 2655 440 2710 sqq.
485 2637 646 2692 nasama
676 2635 733 2690 ns.
767 2636 849 2690 sou.
892 2638 1063 2694 ledesma
1088 2641 1167 2697 uss.
1191 2637 1264 2722 aeg:
1323 2673 1329 2684 ·
1373 2669 1376 2684 ι
1423 2619 1424 2702 3

41 2710 454 2767 Guelf.a1n.seo.Bud.in
472 2728 566 2785 marg.
585 2709 657 2786 Agr.
678 2717 708 2763 et
725 2707 787 2764 edd.
808 2715 867 2762 vet.
886 2717 953 2763 ante
970 2709 1065 2780 Ryck.
1102 2715 1190 2780 „Non
1213 2733 1265 2770 ne-

39 2787 86 2838 fas
106 2781 254 2855 suspicari
269 2781 440 2846 solisternia,
459 2789 493 2834 ut
510 2781 639 2835 feminae
657 2780 859 2852 receptissimo
877 2789 950 2834 tunc
969 2783 1032 2836 ritu
1049 2799 1173 2854 corpora
1187 2785 1266 2841 abie-

41 2857 142 2909 cerint
169 2856 202 2907 in
226 2852 347 2906 humum
375 2862 404 2906 et
430 2851 466 2908 ad
493 2871 556 2906 aras
581 2851 702 2906 deorum
724 2851 880 2924 repserint.
907 2871 936 2908 v.
955 2853 1061 2908 Lucan·
1080 2859 1108 2922 2,
1127 2860 1171 2913 3⁰.
1191 2857 1264 2914 Stat.
1290 2856 1293 2860 ’

41 2927 118 2986 silv.
140 2925 167 2992 5,
188 2929 214 2990 1,
233 2927 293 2981 162-
313 2918 440 2979 Iuvenal.
452 2927 478 2990 6,
497 2927 559 2981 tuo.
578 2923 688 2979 tibull.
703 2926 730 2989 1,
742 2927 769 2988 2,
780 2925 823 2979 86.
843 2922 909 2977 Seu.
930 2921 965 2978 de
982 2927 1046 2979 vita
1064 2928 1144 2982 beata
1163 2943 1186 2982 o.
1197 2929 1265 2987 27.“

39 2997 121 3066 Lips.
142 2995 200 3050 Sed
217 3013 246 3048 v.
265 2996 301 3050 ad
320 2999 363 3064 14,
382 3000 426 3062 12,
446 3000 471 3052 l·
491 3028 525 3040 -
558 2995 727 3064 peruigilio,
747 2995 779 3046 in
796 2993 938 3049 honorem
957 2995 1097 3051 Cereris?
1121 3017 1158 3052 an
1177 3001 1265 3056 luno-

39 3071 89 3122 nis
107 3069 281 3140 pluriumve
298 3067 442 3122 dearum?
469 3065 650 3141 „Pes-vigilia
675 3067 736 3120 sive
754 3065 874 3132 uigiliae
893 3075 923 3121 et
941 3075 1090 3122 neemenae
1103 3071 1265 3140 pervigile·

39 3142 145 3207 emme,
174 3139 228 3193 Gr.
253 3138 430 3209 παννυχίδες,
454 3139 605 3208 παννύχιοι,
629 3139 829 3210 παννυχισμοὶ,
854 3137 1098 3213 διαπαννυχισμοὶ,
1124 3144 1264 3213 primitus

39 3219 72 3266 et
89 3212 215 3284 proprie
234 3211 412 3267 Graecorum
430 3218 523 3266 erant.
559 3210 681 3265 Romani
698 3225 758 3263 non
780 3207 841 3262 nisi
864 3225 931 3270 raro
950 3219 979 3264 et
997 3228 1061 3266 saro
1080 3212 1267 3286 receperunt..

39 3285 140 3350 Quum
159 3284 239 3337 enim
256 3301 312 3356 per
331 3299 431 3338 eorum
451 3279 744 3336 occisionem'multa
761 3281 868 3334 fiarent
886 3282 922 3334 fla
947 3282 999 3336 ‘tis
1022 3291 1053 3336 et
1078 3293 1188 3358 stupra,
1216 3289 1264 3354 (v.

41 3356 106 3410 Cic.
127 3355 164 3410 de
181 3357 240 3430 leg.
265 3357 293 3420 2,
311 3358 338 3420 9,
359 3357 400 3410 15.
426 3353 505 3408 Gall.
525 3355 554 3416 2,
578 3357 622 3410 23.
643 3354 692 3421 al)
715 3352 836 3406 Romani
858 3353 922 3428 vigi
937 3355 978 3407 ias
1002 3363 1160 3410 nocturnas
1184 3357 1265 3414 viro-

40 3445 111 3481 rum
130 3445 198 3482 cum
219 3425 390 3481 mulieribus
409 3427 569 3479 mixtorum
588 3425 620 3478 in
638 3423 769 3496 templis,
793 3423 984 3478 Bacchanalia
1003 3434 1033 3479 et
1050 3430 1193 3496 mysteria
1218 3447 1266 3486 oc·

39 3499 126 3552 culta
142 3498 346 3563 abhorrebant,
371 3497 510 3568 (Dionys.
535 3496 600 3550 Hal·
617 3499 644 3563 2,
663 3499 707 3554 19.
734 3493 864 3548 luvenal.
883 3497 911 3563 S,
927 3499 1103 3565 314-346.)
1126 3500 1155 3554 le
1194 3519 1265 3574 sque

39 3571 189 3626 sacrificia
207 3577 350 3624 nomurna
367 3569 528 3623 mulierum
546 3568 682 3623 vetabant
697 3575 817 3640 praeter
833 3567 896 3633 illa,
915 3585 988 3638 quae
1005 3585 1061 3640 pro
1078 3587 1157 3643 popu
1171 3589 1187 3628 o
1206 3577 1265 3630 rita
1285 3579 1286 3584 ’

38 3645 159 3698 fierent.
193 3641 267 3708 (Cio.
289 3641 325 3695 de
349 3641 409 3765 hl·
436 3643 464 3707 2,
486 3642 514 3706 9,
543 3642 586 3695 15.
610 3639 674 3696 Liv.
703 3643 748 3706 39,
772 3640 880 3722 831⁵.)
908 3640 985 3706 Quae
1009 3648 1106 3696 autem
1123 3647 1266 3715 permissa

39 3723 130 3770 erant
146 3715 264 3778 Romae,
282 3729 337 3785 per
350 3729 381 3766 so
395 3731 425 3766 as
438 3720 585 3766 matronas
604 3711 746 3778 (feninea,
766 3711 865 3782 quotue
881 3712 984 3765 mariti
1002 3713 1095 3779 nont)
1112 3716 1187 3770 viris
1205 3734 1265 3773 non

39 3785 179 3840 admissis
198 3785 304 3839 fiebant
322 3791 483 3839 attentum
502 3782 606 3838 deabus
624 3783 803 3854 quibusdam,
822 3791 856 3835 ut
874 3800 956 3838 sacra
974 3785 1068 3838 Bonae
1085 3784 1164 3840 Deae
1183 3797 1213 3844 et
1226 3790 1264 3843 al.

39 3857 206 3936 Pervigilia
224 3862 275 3910 sut
291 3855 409 3926 publica
419 3862 503 3910 erant
521 3861 569 3908 eut
586 3855 702 3925 privata
714 3874 731 3910 a
744 3854 869 3930 singulis
884 3855 1033 3978 fiscaliari
1046 3855 1100 3910 deo
1118 3857 1264 3928 instituta,
1288 3863 1291 3872 ’

40 3928 246 3983 anniversaria
272 3928 322 3981 vel
345 3927 478 3993 fortuite,
504 3941 564 3979 non
588 3935 647 3980 tam
674 3927 749 3981 sacri
774 3943 861 3994 quam
908 3927 1044 3981 ilaritatis
1062 3935 1092 3981 et
1117 3932 1265 4001 nequitiae

39 4017 138 4063 causa,
157 4001 212 4053 vix
229 3999 310 4052 alind
327 4016 414 4070 quam
431 3999 682 4075 pergraecationes
707 4003 738 4050 et
761 4012 824 4049 com
846 4001 999 4065 stationes,
1030 4005 1065 4053 ut
1083 4017 1127 4072 ap.
1147 4002 1264 4061 Patron.

39 4077 90 4128 21.
109 4069 190 4128 Suet.
211 4071 244 4124 in
261 4069 350 4126 Galba
369 4086 393 4122 c·
413 4072 439 4126 4.
459 4071 491 4123 in
508 4071 568 4122 Vit.
587 4085 611 4122 c.
632 4073 675 4125 1⁰.
714 4065 755 4119 Et
772 4067 832 4140 pub
847 4069 890 4124 'ca
908 4070 996 4124 etiam
1015 4071 1265 4142 sublmperatori·
1369 4107 1376 4126 1
1416 4119 1420 4128 .

39 4143 97 4197 bus
116 4142 234 4228 densum
254 4142 419 4227 introducta
449 4141 529 4208 (nam
547 4139 623 4226 illud
640 4157 686 4210 ap.
705 4139 770 4225 hir.
788 4141 834 4228 ²³!
851 4143 896 4198 35.
924 4140 959 4195 ad
981 4144 1156 4229 peregrinos
1181 4145 1266 4232 Q.

38 4210 909 4356 1231231ιὲῑῗιῗέὲ.Γὲἲ..’;1.2ξῒ”.ῑὲ“..ἱ“;ῑ·.ῑ.ι
923 4229 983 4349 133¹
999 4213 1266 4355 &ini-iffi?

39 4357 158 4416 tatione
176 4365 209 4413 et
224 4354 302 4412 ludis
320 4357 416 4429 palam
433 4355 655 4433 peragebantur.
675 4353 723 4411 Of.
743 4352 822 4411 Suet.
842 4353 935 4432 Galig.
955 4371 981 4410 c·
999 4359 1045 4418 11.
1067 4357 1160 4437 Ι111ιιο
1177 4359 1265 4413 eti·-

967 4445 1064 4546 w„
