2814 4792
242 207 386 276 cucur
406 209 480 277 xa.
504 210 592 278 xus.
617 213 795 296 (ausu.
817 215 984 296 econ)
1160 226 1222 294 eu

17 378 85 445 Quod
102 379 168 464 qnia
185 345 324 433 fecerunt
348 376 468 434 iubente
491 378 626 466 Fabiam,
652 379 833 468 hiedicitur
849 383 1015 462 obsignasse
1033 385 1072 443 iis
1089 387 1153 446 soil.
1173 389 1224 444 ob-

17 448 545 589 rueretrueret
555 451 655 578 ‘tul
662 453 1225 602 ‘cellerarium

18 593 69 648 lem
85 593 184 648 mdim
204 591 331 676 scribere
355 563 461 646 3666166
484 594 582 648 ascitis
600 589 741 665 quercet.
778 595 828 651 Sic
850 607 941 670 petet,
966 600 1044 655 unde
1059 567 1144 654 'cri'ri
1169 617 1224 675 po-

20 667 95 719 tuerit
111 665 267 720 tabulatais.
304 662 381 730 Quae
397 665 578 736 praecedunt
595 683 611 718 s
628 667 726 722 verbis
742 668 788 722 ilii
803 671 954 724 Autouium
965 669 1092 726 remu
1108 672 1144 726 ad
1161 689 1224 726 cre-

17 739 82 795 detur
99 745 168 792 sant
185 733 370 805 parenthesis
388 735 454 790 loco
471 734 634 791 habenda.“
650 740 756 794 Kiessi.
792 740 872 795 llaec
889 743 1056 797 coniectura
1075 751 1119 798 est
1137 745 1223 822 inge-
1318 743 1327 766 ·’
1395 731 1396 798 ζ

19 809 93 862 mosa.
112 835 146 850 -
165 809 229 876 iege
247 805 386 873 (lemelia,
410 824 428 861 a
445 806 478 859 L.
499 807 639 862 Cornelio
657 808 739 864 Sulla
765 809 906 868 dictatore
924 831 951 867 a.
970 813 1005 872 U.
1024 817 1087 872 673.
1107 813 1165 870 leta
1189 815 1225 868 de

17 881 83 946 laiso,
101 878 312 936 testamentaria
337 886 367 932 et
384 877 523 943 numeria,
552 878 588 933 de
610 898 666 950 qum
689 881 794 937 Paulus
818 899 878 938 rec.
904 891 981 939 sent.
1006 887 1034 951 4,
1052 890 1079 953 t,
1098 889 1124 943 3.
1160 885 1224 940 Nou

7 951 105 1006 'tmouu
121 953 160 1019 is,
179 951 228 1021 qui
246 956 434 1005 testamcutum
451 949 576 1016 subiecit,
595 951 758 1020 suppressit,
777 955 886 1018 delevit,
900 957 1070 1026 poenalegis
1080 957 1225 1012 Corneliae

17 1031 153 1090 coenetur,
172 1023 223 1078 sed
240 1028 268 1076 st
284 1024 322 1087 is,
342 1021 390 1092 qui
406 1021 498 1076 ocieus
517 1022 579 1077 dolo
596 1025 667 1077 rucio
684 1025 798 1092 tauers·
824 1025 908 1082 iussit
930 1029 1118 1094 {aeieudumue
1140 1043 1224 1084 cura·

16 1095 104 1162 oil35,
122 1095 168 1152 16.
202 1093 252 1162 lli,
280 1093 328 1164 qui
350 1093 453 1160 (uisum
473 1095 518 1147 uel
538 1094 598 1148 aliu
620 1096 775 1150 testimonie
799 1097 943 1166 dixer-suit,
973 1105 1023 1154 aut
1044 1101 1074 1154 iu
1095 1101 1226 1154 exsilium

16 1173 121 1232 aguntur
137 1171 187 1222 aest
198 1155 234 1220 'iu
252 1165 370 1220 iuratam
387 1166 548 1232 releguntur
564 1171 612 1220 asel
628 1169 708 1221 curia
725 1169 931 1235 submoveatur,
950 1178 980 1224 et
997 1173 1025 1236 5,
1042 1173 1089 1238 36,
1107 1173 1135 1228 3.
1170 1173 1228 1229 Qui

16 1239 42 1292 ab
56 1241 157 1306 fuirum
178 1237 361 1292 testimouium
383 1234 581 1306 perhibendum
605 1240 650 1293 uel
671 1255 767 1293 oerum
790 1259 843 1296 uou
862 1239 1060 1312 perhibendum
1080 1245 1226 1312 pecuniam

15 1311 150 1380 caeperit,
174 1310 291 1376 dederit,
314 1308 474 1393 iudueruoe,
502 1311 712 1394 utuaeuteuticm
729 1313 802 1397 sereu
825 1314 870 1367 vel
885 1331 938 1368 uou
955 1315 1042 1381 ferat,
1067 1315 1224 1384 corruperit

15 1381 431 1522 ebrietatum
449 1378 1225 1526 iiiiiiffliiifflidimi'fi‘bffliii

17 1541 109 1579 nomen
134 1525 286 1580 retinuere
313 1524 406 1610 legei,
432 1520 507 1578 sota
532 1532 562 1578 et
587 1527 810 1582 constitutiones
828 1527 1010 1600 Principum,
1037 1527 1142 1600 quibus
1166 1527 1225 1583 elis

16 1596 147 1666 paulatim
170 1592 280 1650 adiecta
304 1593 367 1650 ilus
390 1595 459 1648 falsi
476 1596 640 1672 generibus.
670 1595 715 1655 Cf.
734 1615 767 1652 ce
791 1636 798 1652 .
817 1603 861 1656 41.
881 1597 919 1652 11.
937 1601 965 1664 3,
984 1602 1029 1656 86.
1058 1597 1119 1652 Cic.
1139 1600 1224 1654 Verr.

16 1673 37 1725 1.
53 1671 93 1724 43.
111 1668 148 1721 46
165 1665 213 1722 off.
231 1669 259 1733 3,
280 1670 331 1734 18,
342 1669 385 1722 tr.
405 1665 467 1732 (ubi
484 1684 513 1723 r.
534 1665 630 1734 Beier)
650 1668 745 1743 intpp.
765 1616 843 1729 duct.
864 1668 925 1724 Oct.
944 1673 988 1728 33.
1009 1669 1148 1724 Autouiur
1159 1669 1224 1724 Pri-

15 1755 66 1792 usua
80 1748 152 1794 tnnc
168 1736 272 1793 ordine
289 1746 393 1795 motus.
411 1756 441 1796 r.
460 1737 496 1792 11.
516 1740 543 1802 3,
561 1740 606 1797 86.
1132 1761 1142 1776 =

443 1921 466 1978 U
484 1920 510 1978 A
527 1921 548 1975 Ρ
566 1921 593 1979 U
611 1921 637 1979 l*
687 1923 777 1982 ΧΗ.

83 2029 235 2094 Perculit
255 2031 285 2092 is
306 2027 377 2092 dies
398 2011 594 2114 Pompeium
616 2011 745 2117 quoque
764 2033 941 2100 Aelianum
957 2034 1112 2099 invenem
1127 2053 1226 2120 quee-

15 2113 159 2192 storium,
188 2121 344 2195 tunquam
372 2114 579 2200 flagitiorum
600 2115 737 2180 Fabiani
757 2137 912 2204 gnarum,
943 2121 1040 2202 eique
1061 2118 1159 2182 Italia
1192 2127 1228 2182 et

14 2191 179 2278 Hispanis,
200 2197 237 2257 in
258 2214 322 2278 qne
348 2205 443 2259 ortus
471 2204 557 2278 eret,
590 2197 809 2264 interdictum
836 2211 898 2266 est
941 2201 1021 2265 Pari
1042 2201 1228 2290 ignominie

12 2275 160 2342 Valerius
190 2278 347 2342 Ponticus
379 2279 534 2354 efficitur,
576 2280 664 2363 quod
691 2303 788 2364 reos,
826 2303 868 2348 ne
897 2281 986 2370 apud
1019 2287 1227 2370 praelectum

12 2359 101 2424 Urbis
121 2369 362 2449 arguerentur,
383 2359 426 2424 ed
470 2371 639 2427 rectorem
660 2363 846 2448 detulisset,
876 2368 1014 2430 interim
1042 2371 1151 2451 speeie
1176 2368 1225 2430 le-

13 2465 92 2528 gum,
113 2467 194 2508 mox
213 2447 432 2530 praevaricen
456 2463 477 2506 c
509 2448 672 2509 ultionem
695 2449 862 2514 elusurus.
911 2448 1060 2513 Additur
1089 2459 1227 2514 senatus

14 2531 209 2592 consultum:
240 2529 305 2600 Qui
325 2528 419 2591 talem
444 2547 571 2609 operam
594 2533 792 2611 euwiitaeset
820 2531 1061 2606 vendidissetve,
1094 2533 1228 2616 perinde

11 2629 103 2692 poena
124 2621 290 2676 teneretur
309 2629 349 2674 oc
364 2611 498 2693 publico
518 2611 641 2676 iudicio
663 2614 836 2678 calumniae
858 2615 1092 2683 condemnatus.

73 2733 98 2784 1.
118 2729 246 2786 Peruuu
262 2729 291 2785 is
308 2729 368 2784 dies
385 2728 552 2800 Pompeium,
579 2739 614 2784 ut
630 2748 677 2803 ap.
696 2731 760 2788 Lir.
779 2733 825 2798 43,
843 2735 887 2790 67.
906 2731 1002 2804 princ.
1020 2747 1091 2803 pro:
1116 2733 1228 2803 percui-

12 2813 54 2852 sus
72 2808 115 2856 est
137 2819 174 2857 eo
196 2802 244 2857 die
267 2801 419 2872 Pmupeius.
447 2802 495 2857 Cf.
518 2803 555 2857 ad
571 2803 607 2858 G.
626 2807 671 2858 14.
702 2820 731 2855 n.
750 2807 777 2860 9.
804 2801 882 2858 Duk.
908 2805 944 2858 sd
966 2801 1048 2859 Flor.
1073 2805 1100 2872 3,
1125 2807 1153 2870 6,
1180 2805 1225 2860 63.

13 2871 94 2926 Gron.
113 2873 153 2928 ed
172 2873 275 2929 lustin.
293 2875 321 2940 3,
340 2877 366 2928 3.
392 2881 424 2926 et
445 2871 481 2927 ed
498 2871 562 2929 Sen.
582 2874 619 2929 46
636 2874 682 2928 ire
699 2879 726 2942 3,
746 2877 791 2932 36.
816 2875 949 2944 Perculit,
975 2892 1003 2928 v.
1029 2875 1065 2930 ed
1086 2877 1114 2942 4,
1132 2877 1179 2941 31,
1198 2879 1225 2931 3.

12 2941 39 2993 id
52 2945 110 2998 dies
128 2945 194 3000 edd.
213 2947 278 3000 rut.
299 2949 324 3001 1.
342 2947 370 3001 3.
396 2944 530 3000 Fortasse
547 2945 621 3000 idem
638 2947 699 2999 dies
725 2945 794 3002 dere
811 2946 923 3014 voluit3
943 2944 1046 3000 Waitd.
1084 2944 1228 3015 Pompeia-

12 3031 66 3066 rua
82 3015 147 3074 644.
167 3017 247 3087 lips.
267 3017 381 3088 priores
404 3023 434 3070 et
452 3015 538 3069 Grut.
567 3047 601 3059 -
625 3017 772 3071 Aelianum
799 3017 861 3076 edd.
889 3033 948 3072 rec·
977 3018 1044 3071 inde
1066 3019 1180 3088 ships·
1198 3019 1227 3073 3.

12 3085 130 3142 Elim
147 3089 192 3144 ed.
211 3086 287 3159 Spir-
313 3087 460 3142 lleliuuum
476 3085 536 3142 MS.
556 3088 655 3142 Guelf.
673 3097 703 3144 et
720 3087 783 3147 edd.
802 3097 859 3148 cet.
879 3121 912 3134 -
932 3090 1012 3160 eique
1028 3088 1113 3143 Italia
1132 3115 1165 3128 -
1182 3089 1226 3144 ire·

13 3161 152 3215 indicium
170 3165 223 3226 est,
240 3177 269 3216 v.
289 3157 325 3214 ed
341 3164 368 3224 1,
386 3161 414 3225 3,
434 3161 459 3215 6.
480 3168 511 3213 et
533 3161 624 3225 3,68,
643 3162 671 3216 3.

70 3236 100 3289 2.
120 3233 196 3304 quod
213 3247 287 3298 reor,
305 3246 340 3284 ue
355 3230 430 3300 opud
442 3232 613 3300 perfeetum
633 3227 719 3286 Urbis
735 3238 931 3300 arguerentur,
948 3233 987 3286 ad
1000 3239 1160 3302 praetorem
1178 3232 1226 3287 de-

12 3303 122 3372 utores,
142 3319 232 3373 „non
248 3302 400 3370 urbanum,
418 3304 532 3375 opinor,
551 3303 618 3367 (nec
635 3303 714 3357 enim
733 3303 795 3358 eius
813 3304 846 3358 in
864 3303 988 3358 ommino
1006 3303 1150 3382 cognitio)
1176 3304 1227 3358 sed

10 3378 162 3446 proprium
183 3375 433 3446 peculiaremque,
458 3375 509 3444 qai
534 3373 605 3428 olim
630 3373 799 3428 constitutis
826 3373 1044 3446 quaestionibus
1076 3375 1227 3447 perpetuis

11 3447 196 3521 cognoscebat
220 3445 255 3502 de
278 3445 359 3500 falso.
402 3445 468 3499 Etsi
495 3446 574 3499 enim
596 3445 737 3518 pleraque
761 3445 869 3500 iudicia
892 3447 925 3500 in
946 3453 1047 3501 senatu
1075 3455 1125 3500 aut
1150 3445 1227 3518 apud

10 3521 185 3586 praetectum
204 3517 303 3583 Urbis,
322 3524 352 3571 et
368 3524 539 3588 praetorum
556 3525 684 3588 potestas
701 3518 866 3586 imminuta,
891 3519 998 3573 mansit
1024 3525 1132 3584 temen,
1160 3519 1226 3589 opi·
1257 3558 1265 3570 .

11 3605 67 3654 nor,
85 3591 203 3646 veteris
220 3590 296 3645 ritus
315 3589 413 3712 imsfo
430 3587 571 3660 quaedum
589 3595 620 3642 et
636 3588 760 3656 umbrae
779 3589 830 3658 (or.
848 3586 884 3643 ed
902 3595 928 3658 1,
946 3593 975 3656 3,
994 3588 1034 3658 6.)
1053 3605 1139 3659 qnam
1151 3591 1225 3643 Pon·

11 3660 77 3718 tiens
94 3661 149 3716 laic
165 3677 221 3733 pro
248 3678 282 3716 re
304 3677 371 3731 amp
386 3679 455 3715 exus
484 3676 544 3714 non
569 3661 632 3714 sine
657 3677 709 3714 sna
733 3661 843 3716 fraude·
879 3662 919 3716 At
943 3661 1114 3730 praelectum
1139 3660 1226 3715 Urbis

10 3736 92 3788 msa
115 3733 239 3788 erum
262 3733 370 3786 manino
392 3731 448 3786 sibi
472 3731 629 3786 uindicasse
655 3730 689 3785 ab
707 3732 834 3804 Ulpiano
851 3732 965 3812 Digest.
988 3732 1041 3785 lib.
1062 3738 1086 3788 1.
1112 3733 1160 3785 tit.
1180 3733 1224 3787 13.
1264 3732 1276 3760 ’

12 3803 40 3857 de
56 3807 105 3863 off.
126 3807 223 3878 praef.
243 3803 330 3859 Urbis
348 3804 416 3880 lege
434 3807 459 3860 1.
479 3801 622 3858 uetitum
640 3810 700 3869 est,
718 3821 779 3859 non
796 3805 914 3877 quidem
933 3804 967 3858 sb
983 3803 1028 3858 Au
1070 3807 1126 3870 sto,¹
1143 3801 1226 3869 (nam

13 3873 91 3932 isius
109 3885 230 3932 tanturm
249 3876 276 3930 ei
294 3873 374 3930 dedit
391 3877 425 3928 in
443 3891 542 3930 servos
560 3883 590 3929 et
613 3874 691 3946 qnod
708 3877 818 3930 civium
836 3875 954 3932 audacia
976 3883 1028 3929 tur
1047 3875 1138 3940 idum,
1165 3874 1225 3928 nisi

12 3950 65 4002 rim
80 3955 215 4016 metuat;
233 3966 263 4004 r.
283 3963 346 4018 sup.
363 3950 391 4014 6,
411 3945 470 4016 11.)
489 3947 541 4002 sed
557 3954 705 4001 crescente
722 3947 875 4018 paulatim,
895 3963 1033 4002 concessa
1043 3945 1224 4017 Principum,

12 4027 39 4071 nt
55 4020 144 4085 solet,
167 4036 244 4075 nore
268 4017 443 4090 potestate·“
466 4017 545 4088 Lips.
578 4047 611 4061 -
638 4018 761 4084 inierim,
787 4036 815 4076 r.
835 4020 961 4086 edl,l,
981 4022 1007 4074 1.
1028 4048 1059 4060 -
1076 4019 1224 4086 pravari-

12 4093 87 4145 tuado
104 4095 236 4146 euasurus
254 4091 440 4156 seyeritatem
459 4097 489 4144 et
504 4090 634 4144 uitioueru
657 4091 801 4162 praetecti
818 4089 905 4145 Urbi:
932 4088 1010 4143 unde
1032 4088 1106 4150 Solo
1128 4089 1225 4143 addita

11 4165 164 4232 quedam
192 4165 273 4218 Brot.
309 4159 353 4216 De
373 4161 612 4232 praeuaricatione
634 4180 663 4219 r.
688 4161 724 4215 ad
742 4166 786 4228 ll,
804 4165 831 4230 5,
852 4168 877 4218 Ι.
914 4193 947 4206 -
975 4160 1089 4214 additur
1113 4167 1226 4216 sesama
1311 4192 1314 4206 ·

9 4237 159 4290 maisou
177 4250 278 4288 omnes
302 4233 365 4288 edd.
388 4241 448 4288 vet.
466 4243 533 4288 ante
550 4233 641 4304 llyck.
689 4240 787 4288 raeter
802 4235 940 4305 primam.
979 4231 1145 4288 Seuerou.
1166 4229 1222 4288 MS.

10 4305 102 4365 Guelt.
122 4313 237 4362 scamus
253 4307 376 4360 ceumdo
391 4304 438 4372 (ut
455 4305 490 4361 11.
509 4309 537 4373 4,
555 4305 615 4372 46.)
709 4347 718 4362 .
746 4303 827 4360 Flor.
854 4305 926 4382 fleg.
951 4302 1038 4358 Gorb.
1061 4302 1132 4360 Bud.
1152 4302 1222 4380 Agr.

38 4407 105 4474 On.
131 4405 198 4460 rue.
220 4405 253 4460 T.
272 4404 310 4460 11.
978 4393 1018 4456 31
