2826 4792
169 205 213 272 su
557 195 805 264 iuuentuti
835 178 919 262 nn.
949 157 1010 262 xi

169 365 249 424 ntur
264 367 374 438 pondus
391 361 457 420 nuti
473 363 594 434 {een-int
612 365 773 432 Broteriur,
799 363 858 436 qui,
884 363 1018 434 capitolio
1043 369 1069 418 et
1094 377 1160 418 arce
1182 361 1261 418 liam
1284 377 1333 432 per
1354 379 1381 418 se

169 440 268 504 saluis,
286 439 416 494 manibus
434 437 518 492 aedes
532 438 706 506 mosnmint
723 437 866 502 Hillsrus,
884 437 944 508 qui,
962 437 1096 506 capitolio
1114 443 1142 491 et
1160 450 1225 488 arce
1233 435 1311 489 lium
1327 451 1381 488 rna·

170 511 308 579 mentibus,
327 509 470 566 seniorum
486 511 597 563 caedem
613 526 665 579 per
682 509 774 562 scelus
792 508 949 563 edidissent
966 509 1060 565 ester
1082 509 1157 564 obss.
1186 507 1254 562 crit.
1282 509 1313 560 in
1336 525 1382 562 aa·

170 590 268 638 stores
286 590 344 638 vst.
364 579 494 636 Heidelb.
515 583 593 638 1818.
612 597 641 651 p·
660 582 814 648 st-ltt.‚
834 581 883 650 qui
900 580 1033 650 capitolio
1060 587 1087 634 et
1111 595 1176 633 arce
1194 579 1274 636 liom.
1298 579 1382 632 nuni-

169 655 221 709 bus
239 654 387 708 eorundem
404 651 551 722 seperatil
577 653 767 717 frumentum
784 668 840 705 unc.
861 652 1004 709 ciuitatis?
1031 657 1060 704 ut
1077 649 1209 721 iusignia
1234 657 1288 704 cet.
1312 651 1384 704 Moe·

169 725 235 782 bins
254 727 286 780 in
304 723 435 780 Ssebodii
452 723 523 780 bibi
542 725 609 780 crit.
629 742 654 782 a.
675 726 753 782 182⁰·
771 739 801 794 p·
820 725 880 780 stt.
906 725 956 796 qui
982 724 1146 794 capitalium
1173 728 1200 775 et
1224 737 1316 776 arcens
1332 723 1383 775 lia-

169 813 282 852 munum
308 797 438 851 nranibus
461 794 611 848 eorundem
642 795 687 856 (ut
711 795 799 847 muita
822 798 972 851 somniem
994 797 1098 850 merita
1124 797 1168 860 12,
1193 794 1238 849 tl.
1266 795 1335 848 licet
1353 792 1383 846 ds

169 870 328 924 maioribus
346 867 422 939 loq.)
440 872 619 922 temerassent
635 866 813 922 Bosttichsr.
850 867 1055 922 Praetermitto
1074 867 1199 922 eliorum
1218 873 1382 919 commenta.

168 939 243 998 Mihi
261 939 335 994 olim
353 941 386 992 in
403 947 533 994 mentem
551 939 648 993 venit:
667 953 746 1010 quos,
765 937 899 1006 capitolio
917 945 943 993 et
961 955 1025 994 arce
1034 940 1113 994 Rom.
1133 937 1303 1002 nutantibus,
1320 951 1384 990 nuru

168 1013 256 1066 uitam
270 1025 405 1080 pensusee
422 1011 511 1064 scitis.
549 1007 605 1064 set
624 1027 712 1065 curru
733 1017 763 1062 tn
780 1011 911 1065 retinere
929 1013 1021 1066 malui
1048 1027 1135 1082 quem
1153 1009 1268 1062 inserts
1286 1009 1384 1061 substi-

168 1087 263 1138 tuens.
296 1113 330 1126 -
354 1083 513 1150 {mineum
535 1095 653 1138 sune-
674 1028 830 1150 nuberent,
856 1084 895 1135 cf.
915 1083 997 1138 locus
1026 1081 1128 1137 simili
1156 1079 1192 1134 tt.
1212 1081 1239 1144 4,
1259 1081 1286 1134 7.
1314 1088 1383 1133 extr.

168 1155 340 1222 merentur,
359 1172 388 1211 r.
407 1153 443 1208 ei
460 1157 487 1222 2,
507 1155 597 1217 13,1.
621 1153 779 1222 vulgarent,
812 1171 841 1206 v.
859 1154 896 1208 nd
913 1157 940 1222 i,
959 1157 1004 1221 st,
1023 1157 1051 1212 2.
1077 1153 1250 1219 fruerenturs
1274 1167 1309 1204 ne
1331 1165 1383 1204 uoc.

168 1225 222 1280 eiu.
242 1223 299 1282 MS.
320 1225 418 1279 Guett.
438 1231 466 1279 et
482 1233 549 1279 ants
567 1224 699 1294 insignia
717 1227 860 1278 insertum
879 1223 912 1278 in
930 1223 1058 1296 sispir.
1078 1231 1107 1280 et
1124 1238 1179 1294 pro
1198 1237 1231 1276 eo
1256 1221 1309 1274 sed
1327 1221 1386 1275 sub-

170 1297 309 1352 stitutum
327 1295 361 1349 nb
378 1297 452 1354 Ern.
472 1304 501 1351 st
519 1301 549 1348 at
566 1315 583 1352 n
600 1296 664 1368 Bip.
684 1296 735 1350 ub.
759 1296 833 1350 nun.
859 1295 950 1355 Beki
975 1297 1008 1352 in
1025 1295 1070 1351 ed.
1090 1301 1116 1356 1.
1142 1301 1172 1349 st
1198 1293 1301 1350 Kiessl.
1337 1293 1386 1348 iiis

169 1385 241 1425 veno
259 1367 381 1424 adiectis
399 1367 579 1446 infringitur
595 1367 641 1421 vis
659 1367 810 1422 orationis.
1084 1396 1087 1402 ·

603 1553 797 1612 cAPU't
840 1557 967 1616 mv,

168 1744 171 1758 ,
219 1725 221 1734 =
250 1683 316 1747 His
336 1691 437 1786 utque
456 1681 580 1746 talibus
602 1680 692 1746 hsud
719 1693 894 1767 permotus
922 1683 1082 1764 Princeps
1110 1689 1145 1744 ct
1171 1683 1285 1745 statim
1313 1702 1388 1746 con·

167 1775 224 1832 trs
245 1765 416 1840 disseruit,
448 1773 484 1830 st
512 1774 633 1830 vocato
661 1775 779 1829 senatu
809 1767 859 1828 ita
887 1786 1025 1830 exorsus
1047 1775 1114 1832 ssi:
1146 1765 1292 1830 Maiores
1322 1767 1388 1844 mei,

234 1870 301 1914 mm
321 1853 563 1934 antiquissimus
587 1848 725 1915 Clausus
746 1851 877 1931 origine
897 1849 1025 1914 Sabina
1053 1847 1147 1912 simul
1172 1851 1207 1912 in
1233 1852 1389 1914 civitatem

83 1945 85 1954 '
203 1954 343 1999 omnnem
370 1945 401 1997 et
423 1935 458 1997 in
479 1933 623 2012 faenilias
641 1935 854 2014 patriciorum
885 1937 1007 1997 ascitus
1033 1942 1093 2011 est,
1125 1931 1311 2014 bortcntur,
1342 1935 1390 1996 uti

166 2018 304 2100 poribus
325 2016 473 2080 consiliis
495 2015 734 2096 rempublicam
765 2035 925 2097 capessam
954 2015 1181 2096 transferendo
1201 2016 1275 2096 buc,
1307 2015 1391 2102 quod

168 2121 301 2184 usquam
328 2102 493 2184 egregium
519 2097 635 2180 fuerit.
678 2099 790 2182 Neque
821 2101 901 2162 enim
922 2103 1052 2183 ignoro,
1071 2099 1175 2163 Iulios
1202 2097 1303 2174 Alba,
1334 2101 1390 2167 Go-

169 2186 344 2248 runcanios
377 2180 534 2255 Camerio,
575 2179 717 2247 Porcios
751 2180 890 2246 liumlo
923 2193 966 2262 et,
1000 2203 1040 2246 ne
1066 2193 1175 2246 uetera
1206 2195 1391 2260 sentimur,

169 2267 309 2334 Etruria
328 2263 539 2348 Lucaniaque
558 2274 591 2327 et
611 2267 696 2330 omni
715 2265 816 2330 Italia
838 2267 875 2329 iu
896 2275 1038 2330 senatum
1068 2270 1208 2342 arctim,-
1232 2279 1393 2350 postremo

169 2355 272 2433 ipsum
293 2349 339 2414 sd
358 2345 459 2431 Alpes
476 2359 664 2430 promotam,
686 2357 723 2412 ut
743 2367 807 2413 non
827 2350 917 2412 modo
949 2349 1072 2434 singuli
1094 2353 1223 2424 viritim,
1253 2353 1313 2415 sed
1333 2362 1392 2415 ter-

170 2455 238 2513 rae,
267 2441 383 2516 gentes
411 2437 446 2497 in
465 2439 585 2495 'nomen
616 2442 759 2496 nostrum
792 2434 1016 2498 coalescerent.
1064 2431 1155 2497 Tunc
1183 2435 1289 2499 solida
1312 2435 1394 2499 domi

128 2585 131 2593 ,
169 2521 271 2602 quies,
293 2525 325 2580 et
346 2515 499 2580 adversus
520 2526 652 2580 esterna
673 2517 850 2599 floruimus,
878 2537 971 2602 quum
995 2513 1224 2600 Transpadani
1254 2522 1290 2584 iu
1320 2521 1394 2584 ciui-

171 2611 268 2666 tatem
298 2604 430 2681 recepti,
465 2619 558 2684 quum
585 2603 691 2682 specie
718 2601 923 2664 deductarum
966 2621 1002 2663 er
1022 2599 1128 2664 orbem
1156 2613 1261 2665 terrae
1293 2603 1394 2686 legio-

170 2705 254 2766 num,
276 2683 399 2748 additis
411 2683 663 2779 provincialium
684 2684 901 2764 validissimis,
929 2621 1019 2762 lisso
1046 2687 1178 2768 imperio
1210 2685 1395 2751 subventum

171 2777 232 2835 est.
273 2769 357 2834 Num
376 2771 533 2848 poenitet,
555 2766 682 2831 Balbos
703 2787 743 2830 esc
763 2767 930 2846 Hispania
959 2787 1018 2830 uec
1043 2771 1147 2833 nunus
1174 2771 1322 2852 insignes
1351 2773 1394 2832 ni-

172 2873 227 2917 rns
248 2870 266 2914 e
287 2850 401 2914 Gallia
422 2849 627 2914 Narbonensi
649 2849 859 2916 transivisse?
901 2850 1036 2914 Manent
1055 2855 1180 2933 posteri
1200 2873 1318 2929 eonem,
1340 2871 1398 2916 uec

171 2955 278 3000 umore
298 2937 333 2998 in
355 2933 438 2997 banc
456 2935 596 3015 patriam
616 2933 709 2997 nobis
741 2933 927 2998 concedunt.
972 2935 1058 3006 Quid
1087 2935 1180 3000 aliud
1208 2941 1310 3002 esitio
1332 2935 1396 3002 Lu·

173 3019 383 3089 cedaemoniis
403 3030 435 3081 et
456 3015 706 3082 Atheniensibus
727 3015 806 3097 fuit,
828 3035 1005 3100 quanquam
1024 3023 1120 3083 armis
1138 3019 1311 3102 pollerent,
1334 3022 1397 3084 nisi

196 3101 262 3166 uod
281 3105 384 3166 victos
403 3121 465 3182 pru
487 3101 678 3184 alienigenis
699 3099 874 3164 arcebant!
914 3098 962 3164 At
985 3103 1134 3167 conditor
1153 3099 1261 3168 nostri
1279 3105 1398 3168 Romu·

172 3123 226 3250 'lus
249 3195 371 3248 tantum
390 3189 552 3266 supientia
574 3184 688 3264 ualuit,
710 3193 747 3246 ut
767 3183 937 3266 plerosque
962 3186 1100 3266 populos
1128 3187 1232 3252 eodem
1259 3189 1313 3252 die
1342 3187 1397 3250 bo-

105 3303 109 3311 =
174 3279 251 3345 stes,
274 3268 348 3332 dein
369 3270 453 3330 cives
474 3267 632 3334 babuerit.
675 3263 828 3330 Aduence
848 3271 882 3332 in
902 3287 961 3330 nos
983 3281 1209 3351 regnaverunt.
1250 3269 1399 3337 Liberti·

174 3371 286 3416 norum
306 3351 387 3436 filiis
407 3354 621 3434 magistratus
641 3351 798 3431 mandari,
819 3371 894 3430 non,
915 3360 952 3413 ut
971 3351 1117 3436 plerique
1143 3352 1319 3436 falluntur,
1352 3375 1398 3417 re-

84 3498 86 3508 ,
173 3455 263 3519 pens,
286 3435 342 3498 sset
361 3437 466 3516 priori
485 3435 604 3515 populo
626 3433 894 3512 factitatumest.
916 3431 963 3500 At
986 3455 1053 3499 mem
1066 3435 1250 3502 Senonibus
1267 3459 1400 3522 pugna-

176 3520 287 3584 vimus.
329 3515 464 3582 Scilicet
493 3517 601 3596 Volsci
622 3527 654 3580 et
675 3514 781 3600 Aequi
801 3537 959 3601 nunquam
985 3521 1148 3584 aduersam
1176 3521 1272 3586 nobis
1300 3525 1401 3586 aciem

174 3605 377 3668 instruxere!
420 3599 521 3682 Capti
541 3623 562 3663 a
584 3599 694 3665 Gallis
714 3619 835 3664 sumus:
865 3601 923 3665 sed
952 3611 985 3664 et
1009 3601 1124 3669 l'uscis
1154 3605 1281 3670 obsides
1310 3605 1402 3669 dedi-

174 3705 243 3750 mus
264 3695 296 3748 et
317 3685 508 3752 Samnitium
529 3687 637 3768 iugum
658 3682 841 3749 subivimus.
883 3680 1035 3750 Attamen
1055 3692 1086 3752 si
1106 3699 1222 3753 cuncto
1243 3689 1330 3754 bella
1352 3709 1402 3753 re·

69 3827 70 3834 ,
178 3789 316 3848 censeas,
338 3769 458 3832 nullum
478 3767 622 3832 breviore
646 3771 755 3849 spatio
777 3787 868 3852 quum
890 3767 1042 3834 aduersus
1068 3771 1184 3836 Gallos
1207 3774 1403 3856 consectum.

178 3851 341 3920 Continua
362 3852 437 3917 inde
457 3871 496 3915 nc
517 3853 584 3936 fida
602 3871 679 3933 pax.
721 3853 788 3916 lum
814 3852 965 3926 moribus,
999 3855 1137 3936 artibus,
1169 3856 1402 3939 affinitatibus

177 3939 301 4001 nostris
320 3939 415 4000 misti
434 3955 545 3998 aurum
566 3945 694 4017 stupes
715 3955 791 4000 suas
811 3936 960 4019 inserant
979 3941 1101 4018 potius,
1133 3960 1226 4023 marn
1253 3943 1402 4022 separati

177 4019 328 4085 babeant.
372 4019 503 4098 Omnia,
516 4017 556 4084 P.
576 4017 630 4098 0.,
652 4038 734 4102 quae
754 4038 839 4082 nunc
858 4023 1074 4100 uetmtissima
1102 4025 1286 4104 creduntur,
1316 4043 1402 4092 nonu

178 4103 288 4187 fuere.-
328 4101 434 4184 plebei
460 4105 672 4186 magistratus
694 4107 967 4252 postlpatricios,
997 4102 1115 4172 Latini
1143 4118 1219 4190 post
1243 4105 1402 4192 plebeios*

181 4198 355 4252 ceterarum
376 4187 494 4250 italice
514 4189 656 4270 gentium
675 4195 752 4267 post
804 4191 921 4252 atinus.
944 4189 1160 4258 Inoeteroscet
1181 4191 1242 4259 boc
1262 4210 1401 4282 quoque,

179 4281 212 4335 et
233 4271 320 4354 quud
338 4269 434 4336 badis
453 4269 755 4354 enenrplistuemur,
775 4265 863 4340 inter
882 4272 1022 4356 enenspla
1042 4277 1116 4341 erit.
