2854 4788
194 259 256 334 sse
323 216 327 225 ’
573 251 816 318 musarum
846 251 929 317 ιιι.
950 249 1027 316 ιιν.

196 421 271 480 MSS.
291 423 370 478 Flor.
390 421 459 499 Reg.
479 419 564 476 Gorb.
584 419 627 476 ed.
647 418 724 542 spir.
762 417 797 471 In
814 419 947 496 margine
964 415 1021 472 MS.
1040 416 1121 470 Flor.
1143 413 1238 485 eedem
1260 429 1339 468 mmo
1361 423 1383 468 et

137 507 138 512 ’
195 503 355 553 ammento
374 497 517 564 scriptum
536 499 566 544 ot
585 493 641 556 od,
683 507 734 544 .a.
758 490 797 542 od
840 505 873 542 ro
897 497 944 543 out
961 494 1028 544 ante
1052 503 1127 556 spere
1149 486 1314 558 ponendum.
1345 493 1383 538 ml

194 570 278 624 isone
296 573 344 620 esst
361 565 419 634 ipes‘
437 564 512 618 MSS.
531 563 612 617 llsrl.
632 561 714 616 Bodl.
732 560 784 616 les.
804 507 903 616 Gpsstsli¹
918 567 956 640 *el
974 561 1057 615 lause
1074 564 1122 612 aut
1137 558 1195 626 ipes'
1220 558 1277 612 edd.
1295 558 1349 609 Put.
1365 563 1383 612 1.

195 643 221 698 3.
242 647 272 695 et
289 646 344 692 cet.
364 644 430 692 ante
448 635 525 690 Pich.
571 635 679 687 semeis
695 633 848 686 absurdum
865 633 984 699 videtur,
1010 638 1057 684 out
1076 630 1157 684 eaesi
1182 631 1240 698 spei
1255 630 1385 680 Antonium

197 707 327 766 eet.·ldS.
347 710 418 792 Agr.
439 717 469 762 at
487 707 530 762 ed.
550 652 575 758 A
598 703 642 758 ck.
672 736 705 748 -
724 705 956 758 eotmsodova'aee:
986 703 1017 756 in
1041 699 1095 756 MS.
1116 701 1186 777 Agr.
1212 708 1239 755 at
1260 700 1299 754 ed.
1322 699 1382 770 Spir.

196 781 433 836 commendaveras.
453 779 498 834 ct.
517 777 553 832 ad
618 794 641 829 r.
661 779 704 837 19.
728 793 757 829 n.
776 778 803 833 A.
830 783 860 829 et
883 792 908 829 c.
927 777 971 832 33.
991 794 1019 827 ιι.
1038 777 1064 830 2
1096 801 1128 812 -—
1153 771 1207 825 ulii
1228 771 1384 824 matamala

183 857 230 908 ,ιε’
244 852 439 918 aaronem,
458 850 522 904 scil.
542 847 695 912 Antoniae,
720 846 838 900 dimisse
864 845 965 916 priore
989 862 1100 911 uxore,
1127 845 1206 898 Brot.
1236 871 1267 882 -
1292 843 1341 895 sisi
1355 842 1383 904 si,

183 941 223 978 -ι,
243 925 324 990 Μ,
341 927 388 989 ta,
406 923 431 978 3.
450 929 482 975 et
499 920 534 974 sd
552 918 622 996 Agr.
640 921 684 976 33.
703 936 732 972 ιι.
750 920 776 974 3.
796 919 831 972 ln
849 916 904 972 tls.
924 917 996 992 Reg.
1015 924 1046 972 et
1063 917 1106 971 ed
1124 915 1201 986 Spir.
1219 914 1382 968 omissmnsi.

643 1089 836 1148 CAPUT
876 1091 965 1149 tlt.

280 1201 345 1266 Sed
371 1204 495 1265 mirum
523 1221 620 1284 quam
649 1201 740 1262 inter
775 1199 903 1262 diversi
932 1200 1078 1286 generis,
1109 1197 1249 1275 ordinis,
1278 1197 1383 1265 aetatis,

198 1305 308 1366 sexus,
334 1283 431 1373 dites,
461 1303 624 1368 pauperes
645 1285 877 1346 taciturnitate
897 1285 1010 1347 omnia
1030 1282 1177 1345 cohibita
1198 1284 1274 1359 sint,
1302 1278 1384 1340 donec

198 1367 347 1452 proditio
368 1369 480 1451 coepit
501 1387 519 1429 o
541 1365 638 1430 domo
660 1365 830 1430 Scaevini:
864 1369 923 1449 qui
949 1363 1059 1448 pridie
1086 1364 1283 1428 insidiarum
1300 1363 1384 1422 multo

198 1471 351 1516 sermone
371 1459 448 1514 eum
468 1451 614 1514 Antonio
632 1447 765 1527 Natale,
786 1448 863 1529 dein
885 1469 1057 1534 regressus
1079 1447 1215 1512 domum
1236 1453 1383 1510 testamen-

197 1543 269 1598 tum
303 1535 508 1621 obsignavit,
564 1541 734 1615 romptum
761 1533 883 1619 vagina
908 1532 1103 1620 pugionem,
1143 1529 1186 1593 de
1217 1549 1278 1615 quo
1306 1546 1384 1610 supra

197 1619 311 1696 retuli,
332 1623 497 1680 vetustate
518 1553 673 1679 obtusum
690 1617 878 1698 increpans,
899 1635 934 1678 es
959 1617 1049 1678 erari
1070 1635 1148 1676 sexo
1172 1622 1207 1676 et
1224 1617 1261 1676 in
1279 1629 1384 1674 mucro

198 1721 275 1766 nem
297 1699 472 1763 ardescere
494 1699 594 1763 iussit
615 1717 751 1785 eamque
771 1717 886 1760 curam
913 1635 1038 1762 liberto
1058 1697 1202 1772 Milicho
1233 1695 1384 1758 mandauit.

197 1783 307 1846 Simul
327 1783 512 1845 affluentius
541 1783 640 1844 solito
668 1781 861 1844 convivium
881 1783 1019 1844 initum:
1052 1800 1231 1844 seruorum
1251 1775 1385 1842 carissimi

132 1867 136 1878 ’
198 1867 355 1930 libertate
376 1865 488 1928 etalii
509 1867 650 1947 pecunie
672 1862 796 1942 donati,
828 1872 927 1947 etque
960 1867 1032 1946 ipso
1053 1874 1201 1927 maestus
1223 1871 1256 1926 et
1275 1877 1385 1957 magnae

86 1983 90 2000 ·
199 1952 415 2035 cogitationis
437 1950 631 2012 manifestus
660 1951 744 2027 er'at,
773 1949 924 2030 quemvis
944 1947 1106 2009 laetitiam
1133 1949 1231 2032 vagis
1251 1963 1384 2008 sermons-

197 2033 260 2094 bus
286 2033 472 2098 simularet.
514 2032 687 2093 Postremo
715 2032 913 2100 vulneribus
934 2030 1125 2118 ligamenta,
1160 2031 1331 2114 quibusque
1352 2025 1384 2086 si·

199 2115 301 2178 stitur
323 2115 468 2200 sanguis,
500 2133 621 2195 perere
648 2111 791 2176 eundem
812 2112 990 2176 Milichum
1017 2121 1142 2192 monet,
1176 2115 1246 2177 sive
1272 2126 1385 2196 gnarum

175 2249 178 2256 ,
199 2197 441 2260 coniurationis
462 2203 497 2260 et
516 2197 595 2258 illuc
615 2214 719 2276 usque
735 2195 850 2274 lidum,
871 2216 931 2258 seu
952 2197 1097 2259 nescium
1119 2204 1155 2258 et
1175 2203 1256 2258 tunc
1268 2195 1384 2276 primum

197 2279 342 2362 arreptis
364 2279 619 2360 suspicionibus,
640 2287 680 2340 ut
701 2279 853 2362 plerique
874 2277 1056 2352 tradidere¹
1066 2277 1107 2342 de
1124 2275 1384 2362 consequentibus.
1403 2307 1404 2318 .

198 2359 286 2424 Nam
314 2381 414 2446 quum
442 2379 554 2422 seeum
582 2361 714 2426 servilis
738 2362 867 2424 enimus
893 2365 1041 2446 praemia
1062 2362 1226 2445 perfidiae
1246 2355 1387 2444 reputavit

198 2445 360 2528 simulque
392 2445 553 2506 immense
584 2445 725 2525 pecunia
758 2454 793 2506 et
819 2447 969 2526 potentia
998 2446 1279 2525 obversabantur,
1310 2441 1386 2502 cessit

200 2529 249 2590 ias
282 2535 316 2588 et
342 2528 431 2589 salus
459 2529 594 2610 patroni
621 2533 656 2589 et
683 2535 838 2609 acceptae
865 2529 1032 2590 libertatis
1063 2532 1237 2596 memorie.
1282 2523 1386 2587 Etenim

199 2613 317 2674 uxoris
349 2629 480 2694 quoque
512 2610 689 2673 consilium
720 2619 951 2694 assumpserat,
983 2613 1149 2676 muliebre
1181 2633 1220 2674 ac
1250 2609 1385 2674 deterius:

200 2695 322 2776 quippe
349 2695 443 2756 ulmo
471 2703 598 2756 metum
625 2693 824 2772 intentabat,
856 2695 1044 2776 multosque
1075 2695 1245 2758 adstitisse
1261 2693 1386 2758 ,libertos

199 2797 238 2839 ac
260 2795 392 2856 servos,
424 2779 481 2859 qui
513 2775 627 2846 eadam
654 2774 819 2839 viderint:
851 2777 936 2838 nihil
957 2781 1176 2860 profuturum
1197 2780 1291 2840 unius
1310 2773 1386 2836 silen-

76 2843 145 2940 3''‘3
200 2861 304 2934 tium;
326 2867 361 2921 at
381 2860 530 2942 praemia
551 2877 651 2943 penes
672 2879 776 2921 unum
797 2863 882 2939 fore,
909 2865 966 2944 qui
987 2859 1114 2924 indicio
1134 2861 1354 2946 praevenisset.

270 2981 295 3032 1.
313 2977 515 3048 eorumquae·
533 3007 566 3020 -
585 2975 705 3030 cohibita
722 2976 779 3032 sint
796 2977 880 3043 bene,
907 2977 957 3034 sed
983 2979 1078 3034 rarius
1096 2979 1209 3034 dicitur
1226 2995 1306 3052 φιιιιι
1321 2971 1387 3041 ellip-

199 3049 258 3102 tica
275 3043 441 3121 θαυμαστὸν
459 3046 535 3114 ὅσον,
560 3049 592 3102 id
608 3050 712 3102 mirum
730 3055 861 3119 quonlam
877 3051 986 3118 profusit
1005 3068 1049 3120 ep.
1068 3052 1133 3105 hir.
1152 3055 1181 3120 3,
1201 3057 1225 3108 1.
1245 3059 1272 3105 et
1294 3043 1387 3102 similis·

200 3119 246 3174 Gi.
264 3119 400 3174 Veehner
416 3119 557 3175 hellenol.
567 3125 594 3186 1,
612 3123 647 3190 A„
659 3123 685 3176 4.
725 3161 732 3174 .
751 3122 811 3176 134.
831 3121 873 3175 ed
893 3122 980 3176 Heus.
999 3121 1170 3178 Remshorn.
1190 3123 1284 3177 Gram.
1300 3138 1325 3192 p.
1341 3115 1403 3172 3331

200 3191 346 3273 Kriiger
364 3189 583 3247 Untersueh.
608 3209 674 3246 aus
698 3139 774 3250 dem
793 3191 950 3248 Gebiete
969 3193 1034 3248 der
1052 3195 1112 3247 lat.
1132 3193 1211 3264 Spr.
1230 3193 1279 3248 111.
1302 3209 1327 3262 p.
1341 3189 1386 3242 4⁷⁰·

198 3291 233 3306 —
254 3261 328 3316 dates
345 3259 421 3316 MSS.
440 3262 520 3316 Flor.
541 3263 628 3328 (teste
647 3264 738 3328 Viet.)
757 3263 826 3318 Bud.
845 3261 908 3318 edd.
927 3262 1004 3334 Spir.
1024 3263 1115 3320 Rhen.
1134 3267 1160 3322 3.
1181 3269 1207 3322 3.
1231 3283 1244 3319 ι
1264 3283 1290 3334 q.
1308 3259 1387 3315 dis-iles

200 3331 250 3386 MS
267 3332 364 3386 Guell'.
384 3332 445 3388 edd.
456 3333 518 3387 rus.
530 3339 552 3389 l.
564 3337 588 3390 3.
608 3333 672 3388 Ber.
690 3335 782 3389 ilhen.
802 3341 826 3392 l.
848 3367 879 3378 -
892 3337 1083 3390 taciturnitate
1101 3338 1195 3391 omme
1212 3283 1326 3390 codibito
1342 3329 1387 3393 (03·

200 3403 271 3468 lata)
288 3405 362 3457 sista
390 3407 428 3458 ci.
448 3404 537 3458 simil.
556 3403 610 3458 loe.
631 3404 783 3460 Claudiani
802 3407 834 3460 in
851 3405 947 3460 Rulin.
967 3411 994 3471 3,
1012 3411 1074 3464 383.
1094 3427 1157 3479 sqq.
1164 3427 1175 3473 ,-
1203 3407 1276 3477 Lips.
1296 3433 1324 3442 -
1337 3415 1387 3469 W·

200 3474 272 3528 ditio
290 3474 378 3544 coepit
396 3492 411 3530 e
430 3477 507 3530 dorm
525 3475 655 3530 &occini
671 3485 725 3530 eet.
762 3477 1027 3544 „Coniurationem
1050 3480 1139 3554 longe
1157 3480 1247 3536 aliter
1263 3477 1353 3534 elatem
1366 3473 1387 3520 ⁹¹

200 3554 332 3617 apertam
356 3554 457 3600 narrat
474 3547 549 3600 Plut.
574 3543 609 3600 de
633 3548 745 3622 ¹garrul.
772 3565 797 3602 c.
816 3552 841 3605 9.
878 3546 934 3604 Sed
956 3549 1029 3604 haee
1054 3551 1210 3606 referenda
1231 3551 1266 3606 ad
1287 3543 1387 3599 Vinicia-

200 3635 268 3672 nam
280 3619 325 3704 ,in
347 3619 494 3672 Neronem
520 3617 761 3682 coniurationem,
794 3619 829 3673 ds
856 3637 913 3691 qua
936 3624 975 3674 cl.
993 3619 1071 3676 Suet.
1098 3623 1167 3677 Ner.
1196 3641 1221 3676 e.
1239 3619 1299 3679 33.ιι
1329 3615 1386 3678 hipt-

199 3689 311 3756 „lmmo
330 3688 519 3742 Plutarchum
537 3688 573 3742 de
582 3689 734 3744 Pisoniana
751 3691 952 3748 coniuratione
970 3692 1196 3769 intelligendum
1215 3702 1244 3750 et
1260 3685 1387 3748 artistic

199 3776 264 3814 mae
281 3761 392 3814 mentio
412 3767 441 3814 et
458 3759 533 3814 aliae
550 3761 786 3816 circumstantiae
804 3761 931 3818 suadent.
950 3763 1102 3820 Viniciana
1119 3769 1264 3836 posterior
1281 3759 1387 3818 etBent·

199 3833 282 3886 venti
300 3831 421 3884 conflata
440 3838 528 3902 atque
546 3831 658 3888 detecta
676 3841 749 3888 teste
768 3831 845 3888 suet.
864 3835 934 3890 Ner.
954 3837 998 3891 36.
1026 3845 1177 3906 praeterea
1200 3845 1258 3890 tarn
1281 3833 1386 3888 staua.

199 3910 233 3955 ut
250 3911 368 3972 praeter
376 3899 546 3956 Suetonium
564 3919 650 3957 nemo
669 3903 751 3958 illius
761 3907 938 3961 meminerit.
956 3906 1125 3963 Verisimile
1142 3917 1248 3975 autem,
1267 3905 1295 3958 in
1309 3901 1387 3962 reditu

198 3973 326 4027 Neronis
345 3991 381 4027 ex
398 3971 516 4040 Achaia,
536 3992 625 4046 quum
643 3977 675 4028 in
694 3976 804 4030 Vatinii
822 3979 948 4052 gratiam
966 3978 1143 4034 substitisset
1159 3977 1319 4042 Beneventi,
1335 3987 1387 4024 con·

199 4051 246 4098 ἴτε
265 4060 331 4098 cum
349 4060 419 4098 cons
441 4045 578 4114 iratum.“
610 4046 694 4116 Beck.
713 4048 756 4104 De
773 4048 910 4102 Scaevino
929 4059 960 4104 et
977 4050 1102 4105 Antonio
1119 4049 1223 4106 Nalote
1241 4050 1276 4102 el.
1293 4041 1386 4115 capli-

201 4123 232 4169 et
249 4117 346 4198 ⁵⁰2*
363 4063 460 4182 pridie
477 4117 647 4172 insidiarum
686 4121 938 4190 erpetrandarum3
962 4122 1032 4174 Era.
1053 4153 1086 4166 -
1105 4122 1190 4176 assito
1207 4135 1325 4174 aenaeae
1339 4125 1386 4164 tam

200 4189 322 4270 Astoseo
339 4185 447 4250 Nalote,
466 4196 500 4241 ut
517 4191 601 4244 sauia
618 4191 648 4244 s'o
731 4193 795 4256 ¹saia
812 4194 985 4246 senensibus
1007 4193 1076 4278 Agr.
1095 4196 1121 4251 9.
1141 4195 1188 4248 ubi
1206 4212 1234 4246 r.
1252 4198 1307 4244 not.
1324 4189 1344 4240 3.
1361 4211 1385 4224 ·

196 4271 354 4324 pugsoaesse,
378 4259 412 4310 de
436 4277 488 4328 quo
507 4276 599 4334 'sumo
616 4260 703 4314 retuli
720 4280 780 4332 cap.
800 4265 843 4320 5³.
864 4289 898 4300 -
917 4279 1057 4332 caperon,
1082 4268 1156 4330 aeui,
1174 4279 1243 4318 soro
1259 4269 1284 4315 et
1301 4259 1326 4316 s's
1340 4269 1385 4306 osu·

198 4336 310 4382 croaem
331 4329 489 4400 arcessere,
515 4331 710 4397 exardescere,
735 4333 811 4399 aeui,
837 4341 870 4388 ut
896 4335 1003 4390 colibus
1028 4353 1111 4406 asper
1129 4335 1235 4390 exarsit
1251 4347 1335 4386 macro
1350 4342 1382 4393 sp.
