2814 4792
175 235 239 306 342
570 231 815 300 nummum
841 233 926 301 utu.
949 231 1042 301 XIV.

176 401 228 466 ilii
258 399 459 467 Germaniae
485 402 652 468 mercibus
688 408 936 468 commemorat
986 401 1063 466 Non
1087 419 1132 481 se,
1165 410 1203 464 ut
1229 399 1359 478 Burrum,

102 551 105 556 .
176 487 322 552 diversas
342 505 426 570 spes,
446 485 506 550 seri
524 486 623 549 solam
642 486 888 550 incolumitatem
908 485 1050 550 Neronis
1108 491 1222 548 estare.-
1254 487 1300 550 cui
1318 503 1360 546 ca·

175 573 245 634 ocri
263 579 425 656 utcunque
446 569 487 634 ab
515 570 650 634 urbanis
680 569 811 635 insidiis
837 573 1038 652 praesentia,-
1083 572 1255 653 onginquoe
1278 578 1361 632 notua

174 673 310 738 quonam
328 653 419 718 modo
442 657 601 734 comprimi
617 651 730 736 posset
750 653 890 720 Erectus
912 651 1041 717 Gallias
1061 653 1106 716 ad
1124 672 1228 717 nornen
1246 652 1360 718 dictato-

175 741 267 816 rium,
298 756 357 801 nec
375 741 479 802 nunus
503 747 669 819 suspectos
687 735 789 804 Asiae
813 736 951 820 populos
979 735 1172 802 claritudine
1198 737 1247 799 aoi
1264 734 1361 802 Drusi.

174 819 299 887 Sullam
319 827 451 902 inopem,
472 821 555 884 unde
571 823 776 902 praecipuam
797 821 972 900 amodum,
1001 832 1033 884 et
1053 821 1256 884 simulatorem
1275 820 1362 901 segni·

176 907 252 983 tiae,
275 905 345 968 darn
368 907 540 969 temeritati
560 906 662 968 locum
684 905 848 986 reperiret.
890 901 1039 968 Plautum
1063 907 1189 986 magnis
1216 903 1317 984 opibus
1333 919 1363 962 ne

175 989 299 1072 pingere
319 989 443 1072 quidem
464 988 640 1070 cupidinem
660 991 733 1067 otii,
753 989 957 1068 sedoeterum
969 987 1178 1052 Romanorum
1198 989 1363 1049 r'srsitanenta

170 1071 352 1153 praeferre,
380 1081 541 1153 assumpta
563 1076 655 1136 etiam
678 1069 863 1138 Stoicorum
890 1076 1086 1154 arrogantia
1113 1079 1268 1154 sectaque,
1292 1087 1363 1214 geor

176 1155 325 1220 turbidos
346 1165 378 1219 et
398 1159 600 1238 negotiorum
621 1165 805 1236 appetentes
825 1154 943 1237 faciat.
968 1155 1043 1218 Nec
1063 1153 1155 1218 ultra
1170 1173 1268 1218 mora.
1313 1153 1364 1212 ulla

173 1246 268 1302 sexto
290 1236 345 1303 die
367 1242 533 1323 pervectis
555 1237 737 1302 Massiliam
759 1239 1012 1322 percussoribus
1036 1246 1114 1306 aute
1135 1245 1256 1300 metum
1275 1243 1305 1298 et
1321 1253 1365 1296 ru·

172 1341 302 1384 moram
323 1323 539 1400 interficitur,
561 1343 662 1406 quum
683 1321 843 1405 epulandi
864 1340 962 1382 causa
976 1319 1210 1384 discumberet.
1236 1319 1364 1382 Relatum

172 1415 275 1488 caput
296 1407 367 1468 eiua
388 1405 497 1469 illusit
517 1404 612 1470 Nero
633 1413 790 1488 tanquam
810 1411 1022 1488 praematura
1046 1405 1170 1464 canitie
1190 1401 1332 1464 deforme.

244 1525 273 1578 1.
299 1521 432 1578 Perasiso
450 1521 565 1588 Seneca,
591 1540 620 1578 τ.
640 1521 675 1575 sd
701 1525 729 1589 4,
753 1525 799 1586 31,
817 1525 844 1578 3.
865 1553 898 1566 -
935 1521 1040 1587 liutans
1062 1519 1179 1574 lienium
1201 1513 1365 1589 proterium
1386 1509 1387 1522 ¹

172 1589 282 1657 Rufum
301 1612 330 1647 v.
348 1593 384 1648 ab
401 1597 429 1660 ³,
449 1595 493 1660 ⁷5,
511 1597 537 1648 1.
558 1599 587 1646 et
604 1591 641 1647 de
658 1592 716 1646 boo
732 1593 799 1648 niro
825 1591 887 1646 tna.
907 1591 930 1646 1.
953 1623 986 1636 -
1023 1591 1139 1645 Feniusn
1161 1589 1320 1650 inanissime,
1341 1593 1366 1636 ut

172 1665 261 1729 2³4.
280 1679 350 1735 pror
382 1665 444 1719 eius
470 1670 645 1737 potestatem
669 1671 699 1719 et
722 1664 849 1743 gratiam
871 1663 948 1733 apud
974 1663 1133 1720 Neronem.
1160 1661 1205 1716 Ci-
1223 1659 1281 1714 lna
1297 1657 1330 1711 11.
1345 1675 1364 1708 r.

172 1733 299 1788 minores.
320 1765 353 1778 -
390 1735 556 1804 Agrippina
576 1741 675 1788 mater
686 1735 820 1792 Neronis.
842 1762 874 1774 -
914 1732 1084 1801 Tigellinus,
1110 1732 1147 1788 de
1165 1748 1221 1804 quo
1237 1749 1263 1788 r.
1281 1727 1333 1784 iai
1349 1725 1365 1778 l.

173 1835 207 1849 —
226 1806 327 1876 quibus
345 1803 416 1859 solis
432 1807 551 1876 pollebat
570 1803 626 1859 MS.
646 1805 725 1861 Flos.
745 1811 830 1872 (teste
847 1805 936 1872 vict.)
956 1804 1018 1862 edd.
1036 1803 1115 1876 Spir.
1136 1812 1168 1860 et
1184 1809 1300 1858 receuti.
1316 1797 1367 1854 iate

172 1875 287 1948 abips-
307 1883 331 1934 1.
352 1893 378 1948 q.
398 1879 475 1932 solus
490 1895 519 1948 p.
543 1875 602 1932 MS.
622 1877 722 1936 Gaeli.
749 1887 779 1933 et
798 1875 860 1933 edd.
880 1883 936 1934 cet.
956 1906 990 1919 -
1026 1883 1117 1931 metus
1134 1877 1207 1942 eius,
1233 1889 1299 1944 quos
1321 1889 1367 1924 ms·

172 1949 253 2003 ‘ime
270 1955 389 2004 memb.
410 1947 455 2004 Cf·
474 1949 512 2004 fid
530 1953 574 2016 12,
593 1953 638 2014 ⁴9,
658 1953 684 2006 la
704 1979 737 1992 '¹'
775 1957 972 2018 compertoque,
1005 1966 1034 2002 Vs
1061 1944 1097 2002 fid
1115 1951 1144 2014 l,
1161 1950 1209 2013 46,
1228 1950 1250 2001 l·
1284 1957 1367 2011 W

173 2019 267 2090 sitque
284 2019 342 2078 MS.
362 2017 460 2072 Guelt'.
480 2053 513 2064 -
549 2019 681 2073 Plautum
698 2027 726 2074 et
744 2019 853 2074 Sullam
872 2048 905 2060 -
924 2025 1040 2082 ornatos,
1073 2020 1111 2076 ci.
1141 2036 1205 2088 cap·
1223 2018 1264 2076 22
1283 2019 1320 2080 la,
1334 2013 1366 2070 47.

173 2097 204 2144 et
222 2090 283 2146 lnd.
303 2091 328 2144 1.
348 2107 376 2142 r.
395 2089 543 2144 Rubellius
559 2090 675 2144 Plautus
692 2100 722 2147 et
740 2091 860 2146 Faustus
878 2091 969 2146 Sulla.
1006 2091 1110 2146 Siliam
1126 2090 1186 2146 MS.
1205 2088 1281 2144 Flos.
1297 2087 1367 2154 (cute

171 2159 261 2228 vict)
280 2167 309 2216 et
328 2159 371 2216 ed·
391 2159 469 2233 Spir.
498 2161 605 2232 Syllam
625 2161 683 2218 MS.
709 2162 807 2218 Guelf.
833 2161 896 2218 edd.
915 2164 979 2216 Put.
999 2168 1024 2219 1.
1042 2165 1067 2220 2.
1087 2179 1152 2233 sqq.
1177 2179 1204 2214 v.
1223 2159 1257 2213 ad
1275 2155 1367 2224 1,1,1.

174 2259 208 2270 -
226 2231 274 2284 cui
298 2231 394 2284 caueri
419 2238 555 2302 utcunque
581 2233 617 2286 ab
641 2251 668 2288 u.
687 2231 708 2286 i.
734 2235 895 2302 praesentio
912 2235 1047 2298 Neronis,
1075 2234 1124 2287 cui
1143 2229 1285 2304 longinqui
1298 2233 1367 2281 mons

173 2309 368 2375 opponuntur.
406 2303 502 2358 raons·
528 2311 671 2374 utrumque
692 2301 749 2360 MS.
770 2304 869 2359 Guelt.
892 2304 1056 2374 praesentia
1075 2303 1141 2360 edd.
1160 2307 1222 2358 Put.
1241 2307 1264 2358 1.
1281 2301 1305 2357 2.
1321 2311 1366 2366 sqq·

169 2373 371 2444 praesentiora
397 2371 477 2432 MSS.
502 2375 583 2434 Flor.
608 2375 679 2454 Reg.
709 2376 791 2430 Harl.
820 2375 902 2430 Boot,
929 2377 982 2434 les.
1007 2375 1078 2434 flua
1111 2375 1214 2431 Gueli.
1242 2371 1282 2428 ab
1306 2367 1388 2438 Spiir

171 2445 296 2514 „Nescio
320 2445 393 2515 quid
418 2445 488 2502 inde
510 2449 627 2510 faciam,
657 2447 716 2502 nisi
743 2447 840 2502 locum
864 2447 988 2519 accipias
1007 2450 1064 2504 sic.-
1098 2449 1147 2502 cui
1165 2445 1267 2516 caucrb
1291 2441 1331 2494 wi
1344 2443 1388 2488 ΠΥ

172 2525 338 2582 ureretur,
356 2515 469 2582 (Germ.
490 2537 547 2572 um
566 2519 694 2574 solcbe
713 2537 756 2572 aa
775 2519 979 2586 schiitaen)
1004 2519 1198 2590 necunquam
1216 2531 1243 2572 u.
1262 2513 1282 2566 i.
1302 2523 1368 2595 prat·

172 2588 302 2642 sentiora
320 2606 360 2643 sc.
379 2606 450 2644 esse.
488 2591 561 2645 Mira
581 2591 660 2646 enim
678 2589 775 2644 Taciti
792 2599 838 2647 eat
859 2590 983 2645 licentia
999 2592 1031 2646 in
1049 2589 1215 2658 usurpando
1233 2585 1367 2640 infinitivo.

173 2657 220 2714 Gi.
240 2660 277 2713 ad
294 2664 339 2727 11,
359 2664 385 2716 1.
422 2661 479 2716 Sed
497 2661 633 2730 concedo,
651 2662 834 2718 audaciorem
852 2661 936 2716 illam
955 2679 1017 2716 esse
1036 2665 1225 2724 structuram,
1344 2655 1368 2700 ul

172 2731 250 2785 secio
268 2731 466 2786 commendari
484 2733 611 2805 possit„“
632 2731 741 2789 Watst.
775 2733 921 2803 praesenti
938 2749 1007 2786 cura
1025 2731 1082 2787 MS.
1097 2733 1171 2807 Agr.
1191 2739 1221 2784 et
1238 2673 1367 2794 444444οὶ

171 2802 254 2874 prob·
275 2801 416 2856 Boetticb.
433 2805 648 2872 praestantiora
666 2803 723 2858 MS.
743 2803 828 2860 Gor-b.
847 2805 995 2874 praesenti
1019 2818 1106 2874 opera
1130 2819 1211 2857 corr.
1229 2797 1371 2870 [ipsimet

170 2875 320 2942 praesenti
325 2893 335 2940 ς
354 2881 435 2928 ortos
453 2875 623 2946 longinquos
640 2882 732 2932 motus
750 2883 805 2932 cet·
826 2877 885 2932 lac.
907 2877 999 2932 Gran.

242 2965 270 3020 1.
289 2963 411 3018 Erectus
429 2965 552 3032 Gallias,
571 2983 599 3018 τ.
618 2965 655 3020 ad
671 2969 699 3034 3,
718 2968 746 3034 t,
765 2971 791 3022 1.
810 2975 840 3020 et
858 2965 922 3025 lna
942 2965 981 3018 11.
1001 2963 1226 3033 v.1irigere.-
1245 2962 1281 3016 ai
1296 2972 1370 3014 nom

171 3031 375 3089 dictatoriums
402 3053 469 3090 nsm
494 3053 600 3092 nomen
618 3037 717 3092 Sullae
744 3038 815 3092 olim
835 3037 1013 3092 inclaruerat
1031 3036 1114 3091 Sulla
1132 3035 1286 3098 dictatores
1302 3033 1368 3086 lirul·

170 3103 212 3159 Et
235 3107 290 3161 ille
313 3107 435 3161 ranam
453 3107 535 3162 Sulla
562 3117 625 3164 erat
650 3127 687 3164 ex
713 3109 842 3180 posteris¹
866 3109 966 3164 Sullae
996 3107 1159 3164 dictatoris.
1182 3133 1215 3146 -
1254 3106 1370 3173 aarum

170 3175 263 3231 Asiae
277 3179 397 3246 populos
415 3195 477 3234 esse
496 3179 678 3246 claritudine,
697 3188 821 3252 propter
838 3179 1055 3244 claritudinem,
1076 3179 1116 3240 (v.
1136 3177 1174 3233 sd
1192 3193 1252 3248 cap.
1270 3179 1295 3232 ὅ.
1312 3193 1336 3229 ιι.
1350 3175 1370 3226 i·

171 3253 202 3302 at
221 3247 284 3302 lna.
303 3248 359 3304 111.
378 3269 407 3303 a.
426 3249 555 3304 Ablats'us‘
584 3251 821 3307 substantivorum
845 3250 983 3320 ausonii)
1010 3251 1058 3306 aui
1080 3250 1186 3315 Drusi,
1213 3250 1279 3320 quis
1295 3251 1371 3300 mater

170 3317 266 3398 ilauti
284 3321 362 3375 Iulia
379 3330 454 3378 esset
471 3323 535 3377 iilia
551 3323 640 3380 Drusi
660 3332 689 3378 et
707 3324 804 3395 neptia
821 3321 942 3378 Tiberii.
963 3325 1001 3379 ci.
1021 3339 1045 3377 c.
1063 3324 1109 3378 11.
1135 3329 1167 3375 et
1185 3321 1222 3375 sd
1240 3324 1282 3384 1³,
1300 3320 1336 3381 li,
1350 3315 1370 3368 1.

170 3398 314 3459 suspectos
331 3396 365 3446 Δ.
383 3409 423 3461 p,
441 3393 601 3448 uerendum
620 3411 681 3449 esse
708 3412 747 3449 ne
769 3395 805 3449 sd
828 3394 1021 3450 rebellionem
1041 3393 1242 3448 sollicitantur
1257 3411 1274 3447 s
1290 3390 1371 3444 Plauto

170 3459 261 3546 prasi
278 3471 394 3534 nepote.
432 3479 584 3546 suspenms
602 3463 665 3520 saa.
692 3467 756 3550 Bip.
776 3473 807 3522 et
825 3465 921 3556 bakk,
949 3485 965 3522 e
987 3465 1063 3522 coni.
1088 3465 1193 3536 Lipsii.
1213 3495 1247 3508 -
1281 3459 1372 3518 sauma

169 3535 1164 3678 ttattadiatt’tttt‘ttttsemitaritia-ti,i.
1178 3539 1279 3670 {iii
1292 3535 1371 3666 iii

169 3675 549 3817 tritutari,-
583 3669 1371 3818 fatu,trmzuttuaaiaaat

221 3791 227 3803 ·
268 3789 274 3802 ·
461 3783 470 3813 s
515 3786 522 3800 ·
543 3781 577 3793 ·
1318 3782 1327 3811 s
1367 3777 1372 3789 ·

171 3817 207 3871 sd
223 3821 252 3886 2,
271 3821 317 3886 5³,
334 3821 362 3875 1.
383 3849 416 3861 -
453 3826 598 3889 assumpta
620 3822 708 3876 etiarn
730 3823 892 3878 Stoicorum
918 3822 1093 3893 arrogantia
1115 3825 1172 3876 sect
1271 3817 1314 3885 (tr
1335 3811 1372 3868 iri

170 3889 251 3945 tuoto
267 3907 322 3963 pro
341 3891 514 3960 arrogantia
531 3899 633 3958 metue,
652 3895 703 3950 vel
717 3911 774 3966 pro
793 3901 871 3949 secta
888 3893 1003 3965 eiusque
1022 3893 1197 3964 arrogantia
1234 3906 1303 3962 quae
1324 3893 1373 3940 tu·

170 3961 251 4016 bidos
279 3970 307 4018 et
332 3961 511 4031 negotiorum
536 3973 700 4034 appetentes
728 3964 831 4034 faciat,
861 3967 1023 4022 acerrimos
1046 3964 1192 4021 libertatis
1212 3965 1372 4018 ascusam.

170 4031 217 4090 Gi.
236 4033 272 4088 sd
292 4037 335 4100 li,
354 4037 397 4091 32.
416 4034 451 4090 H.
471 4039 499 4100 4,
519 4037 546 4092 ὅ.
565 4036 636 4114 Agr.
655 4043 683 4094 4.
706 4055 736 4094 ιι.
755 4041 781 4094 8.
804 4037 861 4091 Dia
878 4039 925 4104 61,
944 4035 995 4095 '12
1023 4040 1065 4095 1³.
1091 4036 1187 4107 intpp·
1212 4031 1335 4090 lurensi·
1349 4029 1372 4088 ²2

170 4107 216 4161 1⁴.
235 4105 354 4160 huniam·
373 4106 406 4162 iu
423 4104 546 4160 Timone
564 4105 587 4172 i.
606 4111 650 4165 64.
669 4111 701 4162 iu
719 4109 852 4166 Hermot.
872 4125 898 4164 c.
918 4111 962 4166 18.
990 4110 1022 4164 in
1039 4107 1111 4164 aial.
1137 4115 1226 4161 mort.
1248 4109 1290 4171 to,
1312 4103 1335 4156 i.
1350 4099 1372 4154 9.

171 4177 203 4229 in
220 4179 273 4236 vit.
294 4185 370 4232 suot.
389 4195 413 4231 c.
433 4179 478 4234 2⁰.
498 4177 563 4232 Seu.
583 4178 619 4234 de
636 4189 729 4234 conat
749 4197 808 4253 sap.
828 4196 852 4234 c.
873 4183 901 4237 ³.
926 4180 1091 4236 Hemsterb.
1110 4180 1146 4234 sd
1163 4177 1282 4232 Luciam.
1305 4173 1335 4228 Τ,
1353 4168 1372 4219 1·

170 4261 200 4368 ς.
218 4251 281 4306 ³⁷³.
302 4257 331 4304 et
348 4247 383 4303 ai
400 4247 548 4322 Aristopb.
568 4251 642 4308 Plut.
662 4255 723 4307 rao.
742 4253 846 4326 Heyne
863 4253 899 4307 ad
920 4251 1018 4324 Epist.
1044 4268 1069 4306 a.
1087 4255 1131 4310 21.
1154 4248 1282 4304 iisdem.
1301 4241 1373 4298 Geir!

191 4333 224 4372 er
243 4321 381 4392 speculst.
405 4318 512 4376 Philos-
537 4321 635 4390 1111.
664 4323 761 4391 „Haec
779 4339 838 4378 non
860 4331 965 4392 sactae,
988 4332 1119 4382 sumeres
1145 4321 1263 4395 quietem
1288 4323 1323 4382 ‘ir
1347 4315 1373 4363 ¹¹²
