2804 4790
132 189 288 293 aaron
307 225 469 293 xenon.
491 225 654 299 xmv,
676 225 732 303 (n
751 223 886 326 o.soa.
907 223 949 290 n.
970 223 1009 295 c.
1028 226 1099 310 so.)
1148 286 1151 292 Α
1177 225 1241 298 ns

24 393 94 448 resia
115 393 282 464 praestruit
308 392 368 448 tts.
391 393 472 450 Flor.
505 391 589 462 (nam
615 393 658 448 ita
680 391 736 448 Ed.
759 389 825 448 Ber.
850 391 902 446 nbi
924 391 1009 448 siluit
1032 393 1122 460 vict.)
1145 395 1241 452 Oxou.

23 467 112 522 Goelf.
130 466 199 522 edd.
218 467 284 520 eut.
303 471 329 524 1.
347 469 374 524 2
393 465 459 520 Ber.
477 465 572 522 Rhen.
598 469 624 522 1.
643 468 670 522 2.
688 469 719 523 3.
741 463 809 520 Ald.
835 463 939 519 lliessl.
976 480 1048 519 saca
1072 460 1133 520 edd.
1159 467 1240 522 Sir.
1331 497 1334 504 ·

24 541 89 610 lips
108 535 194 592 Pich.
213 554 277 610 sqq.
314 537 507 608 „Utrumque
530 537 639 592 bonum
659 546 702 592 est
723 546 754 591 et
770 536 852 590 rania
869 537 993 592 fortasse
1010 555 1125 592 rerum.

20 611 172 678 prwtrait
198 608 330 664 absolute
355 611 478 681 ponitur
507 625 564 680 pro
585 597 844 679 praeeiractionem
866 607 971 676 facit.“
998 607 1107 663 Waltlt.
1142 608 1239 666 lmmo

20 681 90 734 soris
105 679 274 750 praestruit
291 697 330 734 se.
349 697 390 745 ea,
409 687 443 734 ut
460 680 497 734 al.
517 681 668 735 obstruere.
704 674 753 734 sic
776 679 895 734 Ovidius
920 679 996 734 dixit
1019 681 1087 734 tter.
1113 683 1156 748 14,
1175 683 1238 738 tte.

18 759 90 820 porte
108 755 192 821 fonte
207 757 391 821 praestructa
410 759 439 805 et
457 751 533 809 Fast.
553 757 581 816 1,
598 755 661 810 563.
683 753 794 806 aditam
811 751 901 818 fracti
915 759 1132 822 praestruxerat
1150 751 1240 806 obiice

18 826 124 881 nostia
143 857 181 868 -
214 824 404 892 manebat.-
424 824 454 875 in
473 821 531 877 MS.
551 823 650 880 Guelf.
666 823 882 894 praefirloieiat.
902 854 935 866 -
971 824 1043 877 tado
1060 824 1177 890 incerto,
1196 825 1236 879 cf.

17 896 47 948 ad
63 897 141 953 Ann.
162 899 189 962 l,
209 897 253 952 ⁷⁰·
274 925 308 938 -·
343 900 510 964 catervaque
527 897 669 949 maiorum
687 912 786 950 omnes
804 893 882 949 MSS.
902 901 933 948 et
950 892 1013 949 edd
1036 902 1095 950 ret
1120 903 1241 967 praeter

17 965 68 1024 ns,
90 968 165 1042 Agr.
194 967 229 1022 in
251 981 309 1038 qno
334 974 379 1020 est
402 966 522 1033 maiore,
552 966 633 1038 quod
657 967 771 1038 recepit
794 966 884 1053 Rpck.
921 965 1073 1032 maiorum,
1103 973 1238 1021 aetenam

16 1040 299 1110 praecipuamque
316 1037 506 1105 bellatorum3
528 1037 616 1094 arar.-
648 1035 706 1092 Sed
728 1038 907 1109 repudianda
931 1045 961 1094 et
985 1039 1141 1109 explicatio
1165 1037 1238 1092 haec

16 1112 123 1180 etipsa
141 1111 242 1168 lectio.
280 1109 425 1162 nationem
441 1125 519 1164 corr.
537 1109 665 1180 Lipsius,
690 1111 759 1182 quia
778 1108 897 1163 solitum
915 1109 1065 1164 Britannis
1084 1109 1179 1163 Gallis
1202 1125 1239 1162 ne

16 1189 126 1236 sunere
144 1181 239 1236 aciem
257 1198 314 1252 per
331 1181 473 1247 nationes,
501 1188 535 1234 ut
557 1179 685 1238 discreta
703 1182 799 1234 vernis
819 1181 957 1234 eluceret.
992 1181 1110 1250 „Placet
1135 1180 1168 1233 Pi
1208 1197 1238 1234 e·

15 1268 73 1319 nae,
109 1253 180 1324 qnia
215 1253 347 1324 seqrrinn·
376 1251 507 1320 gentium
535 1253 674 1310 ductores.
723 1251 780 1306 Sed
804 1249 838 1304 hi
859 1254 1010 1323 pertinent
1029 1252 1064 1306 ad
1087 1252 1237 1324 reliquum

16 1325 191 1389 exercitum
211 1331 241 1377 et
258 1331 374 1376 tantum
390 1340 459 1394 pars
478 1325 640 1394 copiarum,
671 1339 730 1377 non
753 1329 885 1377 catervae
907 1325 1051 1377 nationum
1067 1340 1121 1395 pro
1140 1324 1238 1390 muni·

16 1396 119 1448 mentis
138 1393 285 1448 stabant-‘⁴
303 1395 373 1450 Em.
409 1394 575 1449 Mensorum
593 1413 615 1450 s.
633 1393 801 1450 Maniotnem
818 1395 929 1451 emend.
948 1393 1048 1449 Barth.
1066 1395 1196 1458 Adv.45‚
1208 1397 1235 1452 3.

17 1481 79 1518 nnn
96 1463 255 1520 Ordovices
277 1465 401 1519 finitimi
423 1459 528 1521 Menae
550 1467 606 1522 ins.
631 1467 725 1520 maior
751 1483 846 1520 eoram
871 1465 988 1522 Walth.
1023 1466 1236 1521 Probabiliores

19 1545 82 1589 sunt
99 1539 288 1626 coniectprae
312 1537 421 1591 Grollii
443 1536 592 1591 meliorant
608 1535 805 1606 (fortiorum,
835 1545 870 1590 ut
894 1554 917 1593 c.
938 1539 982 1594 56.
1005 1529 1104 1610 pride.
1130 1545 1161 1592 et
1183 1537 1235 1592 Gr.

16 1615 198 1755 ttgtt
213 1608 1236 1752 iii‘i‘iitiitiiii'iisitui'eiti'iJ*diffiniam&

17 1749 100 1804 tekk.
120 1751 151 1804 in
168 1751 217 1806 ed.
236 1754 264 1807 1.
283 1759 313 1805 et
330 1753 415 1817 liin„
433 1749 511 1806 hano
527 1751 644 1810 Walth.
664 1779 698 1791 -
730 1766 784 1819 pro
802 1749 982 1818 monimentis,
1001 1770 1030 1804 v.
1051 1749 1087 1806 ad
1104 1753 1131 1816 2,
1149 1753 1235 1818 ΒΜ.

17 1852 47 1863 -
65 1829 179 1875 eoem
198 1855 231 1866 -
251 1821 434 1878 constiterant
451 1832 533 1879 reete
551 1824 675 1890 dictum,
705 1828 736 1876 et
758 1823 822 1876 sine
844 1823 1015 1877 necessitate
1040 1819 1165 1876 editores
1187 1839 1236 1875 ro-

17 1901 101 1946 oentt.
117 1894 338 1948 mistituarnnt
362 1895 412 1949 vel
435 1901 564 1950 catanae
577 1895 638 1976 „vel
655 1893 834 1960 coneiiterat,
853 1891 930 1967 quod
948 1900 992 1951 est
1009 1893 1042 1949 in
1058 1889 1117 1948 MS.
1130 1890 1235 1954 'Gueld

18 1965 60 2019 ct.
77 1964 143 2022 lnd.
161 1965 218 2022 nt
237 1984 267 2021 r.
283 1965 404 2022 Noniae
429 1967 584 2028 collectiva.

427 2091 621 2180 cnen'r
664 2104 811 2180 xxx1v.

88 2227 140 2292 tn
160 2227 229 2293 hoc
273 2229 401 2292 entium
421 2228 580 2294 ductores
602 2231 795 2310 circumire,
822 2227 968 2310 hortari,
998 2211 1136 2294 firmare
1162 2225 1235 2294 ani·

15 2333 79 2378 mos
99 2249 286 2376 minuendo
307 2321 410 2394 metu,
432 2313 641 2379 accendenda
663 2334 721 2398 spe
742 2316 883 2398 aliisque
902 2313 1233 2378 belli'incitamenlis.

14 2395 190 2459 Enimvero
212 2397 412 2461 Cerealem
431 2397 590 2460 huoilluo
611 2398 757 2462 volitans
778 2398 875 2459 illum
893 2395 994 2477 diem,
1015 2398 1108 2460 illam
1128 2398 1236 2460 aciem

16 2481 197 2544 reantur
227 2489 289 2543 ant
316 2479 554 2563 reciperandae
580 2480 749 2544 libertatis
785 2489 845 2542 aut
873 2481 1048 2543 servitutis
1076 2487 1236 2544 aeternae

14 2562 146 2626 initium
169 2567 264 2636 toret
284 2564 489 2647 vocabatque
509 2565 644 2626 nomina
665 2565 843 2642 maiorum,
865 2564 922 2645 qui
945 2562 1143 2624 dictatorem
1154 2561 1236 2626 Gae-

15 2665 116 2710 earem
147 2647 366 2729 pepulissent,
401 2667 544 2729 quornm
564 2648 694 2711 virtute
713 2647 813 2710 raoni
833 2665 853 2708 a
874 2646 1049 2709 securibus
1070 2652 1106 2706 et
1124 2646 1237 2707 tribn-

14 2729 52 2790 tis
89 2733 295 2792 intemerata
332 2731 512 2816 coniugum
548 2737 584 2792 et
620 2730 810 2793 liberorum
849 2747 995 2811 corpora
1034 2729 1257 2792 retinerent.-

14 2809 100 2875 Haeo
121 2821 224 2896 atque
245 2813 325 2874 talia
340 2809 465 2876 dicenti
486 2811 680 2898 adstrepere
693 2816 833 2880 vulnus:
855 2812 974 2902 gentili
994 2811 1133 2896 quisquo
1154 2811 1246 2876 reli·.
1348 2851 1355 2857 -
1400 2791 1401 2798 ἵ

15 2897 99 2980 gioni
120 2896 303 2983 obstringi,
325 2917 393 2960 non
414 2898 503 2978 telis,
544 2916 613 2960 non
633 2897 768 2964 vulneri
790 2918 829 2960 us
851 2915 1014 2962 cessuros.

76 3018 104 3072 1.
132 3013 184 3069 Ae
201 3011 260 3081 los,
280 3011 363 3069 md
386 3031 413 3068 c.
431 3017 477 3072 tt.
501 3033 531 3072 n.
553 3019 578 3072 1.
597 3048 632 3060 -
667 3015 747 3069 illurn
774 3014 849 3070 dient'
863 3046 897 3058 -
916 3011 1123 3082 reciperandae
1146 3010 1235 3066 lider-

16 3083 76 3138 tatie
93 3119 124 3130 -
149 3086 263 3139 initians
285 3087 359 3154 fore,
389 3093 424 3140 ut
452 3085 522 3164 Agr
545 3090 581 3144 3⁰
603 3104 651 3160 pr.
687 3087 892 3157 reciperandae
920 3084 981 3140 edd.
1006 3083 1087 3156 Lips.
1115 3091 1145 3138 et
1170 3099 1234 3138 rec.

17 3159 221 3228 rreaperaarm
237 3155 296 3213 MS.
315 3158 416 3214 Guelf.
436 3167 467 3214 et
484 3158 545 3214 edd
570 3166 630 3214 vet.
652 3177 681 3212 r.
706 3159 742 3213 ad
760 3165 786 3226 l,
805 3162 848 3215 tt.
870 3185 904 3196 -
939 3155 1119 3210 semitritico,
1137 3157 1169 3208 in
1187 3155 1233 3212 ed.

17 3227 82 3298 ipir.
100 3229 223 3283 achiis.
241 3263 276 3274 -
296 3229 426 3284 'initiam
451 3230 607 3286 delendum
631 3230 787 3285 ridebatur
812 3230 912 3302 Lipsio
932 3226 1060 3282 et‘llcid
1102 3227 1158 3283 Sed
1181 3243 1235 3280 ne·

18 3303 132 3356 reneio
150 3303 251 3356 adest:
269 3317 329 3356 non
348 3302 426 3356 enim
441 3309 509 3373 apte
527 3303 629 3356 dietat
645 3303 739 3355 multo
758 3303 856 3355 minas
875 3299 953 3354 acies
971 3299 1121 3354 anatolie
1139 3305 1253 3352 aetem

18 3387 62 3424 ane
76 3374 139 3428 diei
154 3380 271 3442 potest3
292 3372 398 3426 Wotet.
419 3404 451 3416 —
487 3375 571 3427 anati
589 3389 607 3426 a
625 3373 765 3428 amantea
783 3379 811 3428 et
829 3371 946 3426 tributis
964 3379 1018 3430 cet.
1039 3373 1078 3429 cf.
1097 3371 1169 3448 Agr.
1184 3373 1251 3428 3⁰.-

18 3445 54 3498 tt.
70 3448 116 3502 tt.
153 3451 181 3499 et
200 3459 219 3495 a
236 3445 378 3514 emita
395 3445 440 3499 ed.
460 3442 536 3515 Spir.
563 3445 642 3500 haud
659 3447 776 3516 inepte3
798 3441 905 3498 Walllt.
1009 3471 1013 3479 =

77 3518 104 3570 ².
126 3515 236 3584 gentili
263 3516 325 3586 poia
391 3515 540 3585 religioni,
567 3533 635 3572 snae
682 3518 757 3571 entis
775 3515 913 3584 religioni
944 3512 976 3568 h.
996 3528 1021 3567 e.
1048 3511 1106 3567 diis
1145 3511 1233 3567 atriis

19 3583 150 3657 sistriagi
167 3588 321 3642 iureiuran
342 3604 374 3642 o:
393 3606 460 3643 narn
479 3587 624 3656 adstringi
642 3533 729 3644 ofiani
747 3588 792 3642 rai
811 3587 961 3654 dicuntur,
1021 3585 1032 3638 i
1050 3586 1092 3638 ita
1103 3529 1234 3638 cistria-

19 3667 128 3730 garine,
151 3667 189 3712 ut
210 3658 266 3714 illa
287 3676 320 3714 re
345 3665 515 3722 tenesmum
548 3659 656 3714 Waltlt.
697 3659 839 3729 religioni
871 3656 951 3712 MSS.
1007 3656 1079 3711 aelf.
1102 3653 1172 3708 lind.
1201 3661 1234 3709 et

21 3743 107 3785 mse
125 3729 188 3786 edd.
207 3736 268 3785 ret.
303 3731 447 3800 religione
466 3729 528 3784 edd.
547 3731 624 3802 lips.
644 3738 674 3786 et
690 3749 748 3786 rec.
785 3731 891 3786 Reoter
910 3745 979 3783 nam
995 3725 1102 3796 religio
1121 3734 1166 3781 est
1183 3743 1234 3781 re·

20 3797 112 3924 ΞΜ
128 3803 307 3857 temeratio
325 3811 355 3858 et
394 3803 491 3857 entilie
507 3803 614 3872 religio
639 3817 702 3858 mos
720 3802 837 3857 iurandi
860 3803 954 3856 ruinis
972 3799 1056 3876 genti
1075 3797 1232 3882 sollennia

112 3875 193 3929 llino
208 3873 280 3928 bene
298 3875 387 3928 etiam
405 3874 544 3943 religioni
560 3874 679 3929 dieitur.
699 3901 732 3914 -
755 3869 822 3930 ‘non
839 3873 916 3940 teile,
934 3889 988 3925 non
1005 3869 1171 3934 witwine,
1189 3869 1231 3922 ci.

23 3937 142 4076 hdlgll.
170 3965 203 4002 v.
220 3945 430 4020 Hendiadyoin.
448 3979 483 3992 -
519 3961 648 4002 ceewroe
674 3962 716 4003 sc.
743 3963 784 4003 ae.
815 3945 862 4002 ct.
885 3941 950 4004 lnd.
974 3941 1029 4013 111,
1052 3959 1082 4001 r.
1105 3939 1233 4012 Ellipeee

24 4027 59 4070 pp·
108 4059 117 4076 ·
777 4043 784 4050 .

367 4125 376 4148 ⁹
427 4113 622 4182 CAPUT
672 4123 807 4184 XXXV.

94 4230 323 4314 Obstupefecit
342 4253 383 4296 ea
404 4234 560 4298 alacritas
581 4232 700 4298 ducent
720 4233 925 4298 Romanume
955 4230 1057 4298 simul
1077 4183 1231 4293 obiectos

24 4317 129 4396 Μ’»
157 4314 310 4382 additum
334 4317 470 4400 vallum,
505 4317 714 4384 imminentia
743 4319 835 4408 iuga,
861 4315 949 4382 nihil
975 4315 1042 4378 nisi
1069 4319 1167 4376 atrox
1194 4317 1232 4373 et

641 4549 656 4581 ⁴
749 4590 751 4596 ,
