2872 4786
540 231 566 296 ι.
587 196 724 294 uersu
749 225 977 294 excussos

534 393 696 460 mesu
731 391 1007 483 excussus

734 529 777 576 AD

291 586 1077 720 susannense.
1141 637 1278 716 x1.¹

638 845 685 902 ad
715 845 796 916 cap.
821 843 875 900 24.

215 971 282 1044 lpse
299 971 416 1028 claudii
434 970 529 1026 oratio
547 986 635 1042 super
658 971 780 1026 civitate
799 970 894 1024 Gallis
917 969 1010 1024 &ads
1029 987 1054 1024 a.
1073 969 1109 1026 U.
1127 973 1190 1028 0⁰1.
1218 969 1251 1024 in
1271 979 1367 1024 senatu

144 1041 242 1130 habitu
259 1044 366 1098 tubulis
384 1042 482 1132 qanis
506 1041 614 1096 duabus
639 1044 731 1128 iacies
756 1050 799 1127 est
817 1043 956 1168 huqdani
982 1041 1074 1095 erutis
1091 1060 1118 1096 n.
1137 1044 1216 1126 2629.
1235 1041 1276 1094 nd
1295 1043 1367 1095 lutus

143 1111 222 1168 sedus
241 1113 270 1172 8.
290 1113 458 1172 seorsum.
495 1111 582 1180 (Eum
607 1121 687 1184 typus
707 1131 861 1238 exqrumen
880 1131 927 1166 sm
946 1129 1086 1166 curavere
1111 1113 1228 1182 Lipsius
1246 1111 1280 1166 h.
1299 1113 1322 1164 1.
1341 1121 1368 1165 et

143 1183 231 1238 Gmt.
251 1187 341 1240 inser.
359 1203 389 1258 p.
409 1188 472 1242 602.
492 1183 543 1238 ssd
560 1186 723 1239 accuratius
765 1194 856 1239 roter.
876 1184 911 1237 nd
929 1181 959 1236 h.
979 1179 1003 1234 l.'
1018 1185 1176 1239 Meaetrier
1193 1185 1225 1236 ia
1250 1181 1368 1254 histoire

141 1257 229 1310 ciuile
247 1271 282 1310 ou
301 1257 461 1310 eanmiaire
480 1256 515 1310 de
532 1255 562 1308 ia
580 1255 646 1308 oilie
664 1256 700 1310 de
717 1253 803 1326 Lyon,
830 1253 909 1325 Lyon
927 1253 1009 1311 169⁶.
1033 1255 1088 1309 iol.
1118 1263 1147 1311 et
1165 1255 1222 1310 lec.
1241 1254 1367 1326 Spanius

143 1329 177 1382 in
201 1328 231 1380 la
253 1319 401 1384 neiewie
427 1327 478 1380 des
501 1325 652 1396 antiquitis
683 1334 711 1381 et
738 1327 892 1381 curiasitis
915 1327 950 1380 de
974 1326 1003 1378 ia
1036 1326 1106 1379 viiie
1129 1327 1165 1381 de
1186 1325 1269 1398 Ιιςοη
1297 1343 1322 1382 c.
1341 1328 1366 1382 8.

142 1415 172 1472 p.
192 1401 245 1456 17⁰
263 1415 306 1472 sq.
324 1417 342 1454 ι
360 1399 465 1472 qubus
481 1397 621 1472 lipsium
644 1397 702 1454 hoc
722 1399 808 1454 modo
827 1405 896 1453 eunt
911 1397 1102 1464 emendatus)

564 1573 607 1631 In
639 1575 776 1654 Psgiqn
808 1577 946 1664 primas

305 1721 373 1768 mae
403 1722 505 1768 rerssm
537 1711 690 1770 noster..
705 1703 768 1768 ‚eii
779 1748 878 1770 .....
898 1703 1053 1788 Equidem
1076 1703 1210 1784 primam
1231 1705 1367 1766 omnim

141 1785 229 1852 iiiam
256 1789 485 1871 cogitationem
517 1785 674 1851 nominum
707 1807 799 1871 quarn
838 1791 971 1851 maxime
1000 1791 1131 1868 primam
1163 1805 1367 1850 occursuram

139 1867 219 1934 mins·
237 1871 403 1951 provideo.
445 1869 627 1950 Deprecor,
660 1891 700 1934 ne
726 1873 822 1954 quasi
848 1891 961 1934 nooam
987 1873 1080 1935 utam
1112 1891 1174 1934 rem
1202 1873 1367 1934 introduci

139 1953 389 2034 exhorrescatis,
423 1955 481 2017 sed
500 1955 560 2018 itia
578 1957 691 2036 potius
720 1957 887 2036 cogitetis,
919 1975 1011 2038 9⁰⁰¹*
1030 1953 1130 2018 multa
1150 1957 1185 2018 in
1205 1953 1271 2017 nac
1292 1957 1368 2018 ciui-

142 2045 210 2100 tate
229 2051 351 2102 novata
371 2041 449 2112 sint,
482 2050 514 2100 et
535 2040 658 2123 quidem
679 2042 788 2102 statim
810 2037 851 2100 ab
879 2043 1010 2122 origine
1035 2039 1128 2102 urbis
1148 2048 1299 2114 nostraes
1333 2041 1367 2101 in

22 2155 28 2160 -
140 2129 219 2204 quot
239 2121 362 2204 formas
382 2131 551 2205 statusque
571 2142 675 2203 resp.
699 2131 812 2185 nostra
834 2122 968 2186 diducta
989 2125 1045 2188 sit.
1088 2123 1253 2193 Quondm
1276 2141 1367 2202 reges

139 2205 224 2267 nanc
245 2214 373 2268 tenuere
392 2205 517 2268 urbem:
549 2225 589 2268 ne
611 2216 714 2268 tamen
745 2207 926 2270 domesticis
951 2206 1189 2272 successoribus
1209 2227 1279 2270 earn
1301 2217 1366 2268 tra-

139 2289 214 2350 dere
241 2291 394 2372 contigit.
446 2287 667 2368 Supervenere
695 2290 794 2353 alieni
814 2299 846 2350 et
868 2291 1010 2372 quidam
1026 2293 1162 2370 externi,
1195 2301 1234 2354 ut
1264 2291 1365 2354 Numa

137 2369 273 2436 Romulo
294 2375 486 2436 successerit
515 2391 557 2434 en
576 2370 714 2437 Sabinis
735 2375 875 2448 ueniens,
902 2377 1026 2438 ricinus
1047 2375 1184 2457 quidem,
1211 2375 1273 2438 sed
1293 2383 1367 2436 tunc

138 2464 302 2529 externus,
338 2463 376 2518 ut
395 2450 490 2522 Anao
516 2455 646 2519 Marcio
675 2453 812 2522 Priscus
842 2455 1039 2540 Tarquinius
1067 2471 1204 2538 propter
1238 2468 1365 2520 tenera-

140 2549 202 2602 tum
229 2541 432 2624 sanguinem,
471 2539 559 2622 quod
584 2549 681 2622 patre
703 2537 879 2605 Damarata
910 2541 1082 2606 Corinthia
1109 2551 1206 2604 natus
1233 2550 1306 2604 erat
1334 2547 1365 2601 et

140 2619 372 2706 Tarquiniensi
398 2632 499 2685 matre
523 2641 684 2704 generosa
710 2624 769 2687 red
787 2625 886 2705 inopi,
918 2634 955 2687 ut
985 2645 1067 2708 quae
1092 2626 1153 2689 tali
1172 2630 1292 2688 merito
1313 2643 1365 2684 ne-

139 2725 225 2770 cesse
245 2705 394 2771 liudwit
414 2705 626 2786 succumbere,
656 2725 723 2769 oum
754 2707 839 2770 domi
866 2707 1074 2788 repelleretur
1094 2729 1114 2770 a
1134 2709 1290 2792 gerendis
1311 2705 1364 2768 Ιιο-

137 2787 282 2869 noribus,
315 2797 484 2872 postquam
505 2789 635 2854 Roman
655 2793 821 2872 migrauit,
855 2811 987 2873 regnum
1013 2792 1149 2872 adeptus
1169 2801 1229 2855 est.
1273 2791 1365 2856 Huic

137 2892 262 2956 quoque
282 2881 314 2936 et
335 2873 405 2957 filio
425 2877 573 2954 nepotiue
586 2877 656 2937 eius
677 2871 762 2952 (nam
781 2884 813 2936 et
834 2871 896 2938 isoc
915 2877 1002 2939 inter
1022 2885 1170 2938 auctores
1184 2871 1364 2954 discrepat)

137 2959 280 3020 insertus
295 2954 431 3021 Servius
455 2955 593 3036 Tullius,
614 2959 645 3020 si
664 2967 795 3021 nostros
814 2960 985 3042 sequimur,
1008 2963 1137 3039 captiua
1156 2968 1255 3021 natus
1269 2958 1364 3021 Ocre-

137 3043 199 3120 sia,
212 3041 243 3104 si
258 3036 391 3119 Tuscos,
415 3037 507 3106 Caeli
526 3040 681 3122 quondam
702 3037 861 3106 I'iaennae
880 3042 1004 3106 sodalis
1023 3042 1229 3127 fidelissimus
1249 3045 1363 3105 onmis-

76 3187 82 3194 ,
137 3143 199 3270 que
219 3127 289 3187 eius
312 3143 405 3187 casus
427 3141 538 3200 comes,
556 3127 842 3207 postquamoaria
856 3124 999 3206 fortuna
1019 3135 1154 3189 exactus
1177 3145 1244 3188 cum
1265 3127 1363 3214 ornni-

159 3225 197 3270 us
219 3206 367 3290 reliquiis
388 3207 536 3273 Caeliani
557 3211 719 3271 exercitus
739 3207 878 3272 Etruria
900 3213 1048 3289 excessit,
1071 3220 1201 3273 montem
1221 3207 1363 3273 Caelium

136 3293 316 3372 occupauit,
337 3299 370 3354 et
391 3297 413 3354 a‘
432 3291 512 3354 duce
532 3312 591 3355 suo
606 3289 719 3357 Caelio
740 3293 789 3354 ita
801 3291 1011 3374 appellitatus
1033 3293 1109 3382 (leg.
1124 3289 1361 3373 appellitaoit)r

135 3383 321 3457 mutatoque
351 3377 475 3438 nomine
506 3374 592 3456 (nom
614 3373 718 3456 ¹Tissce
738 3375 914 3440 Mastarna
943 3379 973 3440 ei
993 3396 1104 3439 nomen
1124 3376 1209 3452 erat)
1236 3378 1287 3440 ita
1307 3395 1361 3456 ap-

135 3457 276 3538 pellatus
297 3465 403 3521 estut
424 3457 504 3522 diei.
545 3457 593 3524 Et
622 3477 753 3542 regnum
785 3479 901 3523 sunum
925 3478 991 3522 erun
1020 3463 1120 3542 reip.
1141 3461 1287 3524 utilitate
1306 3457 1362 3522 ob·

85 3593 100 3604 .
137 3543 261 3604 tinuit:
292 3539 405 3606 deinde
430 3551 599 3625 postquam
623 3540 782 3626 Tarquini
807 3542 964 3624 Superbi·
978 3561 1079 3607 mores
1107 3547 1207 3608 innisi
1233 3545 1361 3607 ciuitati

135 3634 267 3687 nostrae
286 3643 354 3688 esre
375 3633 556 3706 coeperunt,
586 3643 651 3708 qua
670 3627 786 3708 ipsius,
808 3644 872 3709 qua
887 3627 1030 3774 qiliorurn
1052 3628 1131 3708 eius,
1158 3645 1265 3708 nempe
1289 3645 1359 3707 per-

138 3717 257 3771 taesum
284 3717 341 3772 est
362 3717 480 3773 mentes
511 3713 618 3792 regni,
635 3719 685 3772 ,et
713 3709 758 3773 ad
787 3729 885 3774 consu
899 3731 943 3786 es,
982 3730 1107 3776 annuos
1135 3712 1358 3796 magistratus,

81 3795 83 3800 '
136 3791 378 3864 administratio
407 3794 456 3858 rei
479 3811 513 3872 ρ.
537 3791 699 3857 translata
720 3801 780 3884 est·
1203 3791 1222 3804 ’

220 3893 307 3968 Quid
330 3909 417 3956 nunc
443 3911 668 3958 commemorem
694 3895 877 3959 dictaturae
902 3891 964 3958 noe
990 3895 1063 3976 ipso
1084 3893 1249 3960 cantare
1267 3895 1357 3976 impe·

23 3971 28 3984 '
137 3979 217 4040 rium
239 3975 398 4042 valentius
426 3987 582 4059 reperirem
613 3977 701 4060 apud
719 3981 855 4042 maiores
874 3987 1019 4056 nostros,
1048 3997 1112 4062 quo
1133 3983 1174 4043 in.
1188 3980 1356 4058 asperiori·

136 4059 195 4124 bus
217 4057 388 4124 belliraut'
401 4060 539 4125 incivili
557 4071 644 4124 motu
659 4061 694 4124 di
736 4061 852 4126 ciliore
870 4071 1049 4134 uterentur,
1070 4069 1129 4125 aut
1149 4065 1186 4127 in
1206 4061 1356 4126 manilium

105 4143 239 4222 ,piebis
267 4153 393 4208 creatos
425 4143 573 4208 tribunos
590 4143 709 4225 plebei.
757 4145 837 4228 quid
856 4165 876 4206 u
899 4145 1085 4210 consulibus
1106 4145 1150 4208 ad
1168 4146 1355 4209 decemviros

138 4225 327 4288 translatum
348 4229 508 4307 imperium
536 4226 706 4310 solutoque
733 4239 849 4308 postea
869 4227 1071 4294 decemvirali
1099 4248 1200 4312 regno
1221 4229 1266 4292 ad
1285 4247 1354 4292 con-

136 4306 220 4370 sules
249 4327 361 4372 rursus
390 4307 544 4374 reditum!
575 4311 656 4394 quid
683 4313 826 4394 imm...
857 4316 927 4378 uris
954 4313 1161 4378 distributum
1192 4312 1354 4376 maculare
