2804 4790
173 205 324 304 carun
342 233 505 306 scmus
527 235 654 305 xxnr.
681 237 736 320 (s.
751 205 800 306 'u
819 239 894 311 eos
913 239 955 309 u
976 239 1014 308 c.
1035 241 1105 328 ao.)
1188 243 1251 314 11⁷

29 402 200 544 pippfflfl,
218 408 247 464 1.
265 435 301 450 -
335 403 369 474 s's
385 398 463 478 quta,
486 401 564 477 apud
580 419 664 480 quos,
689 389 849 464 coresium
864 404 964 479 garis
977 405 1139 530 prasoellit,
1165 427 1195 470 s.
1213 407 1250 468 ul

443 599 645 660 ctru'r·
697 601 814 664 xxix

101 709 172 774 Per
193 707 285 773 idem
304 717 435 794 tempus
455 709 610 776 Vannius
631 709 751 777 Snevis
773 731 793 776 a
813 709 929 790 Druso
949 707 1093 778 &mare
1112 711 1249 798 imposi-

25 801 74 856 tus
98 792 248 876 pellitur
274 812 392 880 regno,
422 795 534 876 prima
567 795 706 879 imperii
739 802 849 858 aetate
882 795 996 860 clarus
1028 803 1144 882 accept
1205 815 1249 862 ue

22 877 371 1039 ffiffl'sffiii
396 875 1079 1032 lltltitt.}t.⁶tlt‘lttmtttt
1106 880 1249 1026 ‘iul

22 1061 73 1103 res
101 1045 204 1104 fuere
230 1041 381 1106 Vibilius
407 1028 730 1108 Hermundurorum
769 1063 831 1107 rex
862 1052 898 1108 et
928 1042 1064 1134 Vangio
1091 1064 1131 1109 ac
1165 1042 1248 1108 Sido
1323 1096 1330 1104 .

23 1145 141 1188 sorore
163 1125 293 1194 Vannii
322 1127 438 1212 geniti.
480 1126 555 1190 Nec
583 1125 753 1207 Claudius,
782 1147 968 1210 quenquam
994 1145 1091 1212 saepe
1120 1135 1248 1202 oratus,

21 1227 113 1270 mma
134 1209 349 1271 certantibus
369 1209 522 1272 barbaris
542 1209 756 1293 interposuit,
776 1217 889 1274 tutum
899 1210 1035 1276 Vannio
1053 1211 1249 1298 perfugium

43 1293 238 1368 romittens,
269 1291 300 1354 si
330 1292 534 1375 pelleretur;
564 1293 765 1376 scripsitque
794 1293 841 1360 P..
863 1292 988 1358 Atellio
1019 1293 1152 1374 Histro,
1189 1293 1248 1375 qui

21 1309 232 1436 gasconiam
263 1373 485 1456 praesidebat,
524 1376 690 1462 legionem
725 1377 862 1460 ipsaque
896 1395 916 1440 e
946 1377 1125 1460 provincia
1160 1376 1248 1440 lecta

21 1459 144 1520 unsilia
167 1476 234 1539 pro
255 1459 330 1540 ripa
352 1465 565 1540 componere,
585 1457 735 1522 subsidio
755 1460 855 1523 victis
877 1465 912 1523 et
931 1467 1100 1522 terrorem
1126 1456 1248 1524 adver·

22 1559 75 1602 sus
96 1541 262 1614 victores,
283 1561 327 1602 ne
347 1543 483 1614 mrtuna
504 1542 585 1604 elati
604 1551 754 1606 nostram
775 1561 841 1626 quo
862 1560 906 1604 ue
925 1541 1246 1626 pacemturbarents

22 1641 96 1684 nem
114 1623 173 1686 vis
193 1623 371 1686 innumera
391 1625 494 1724 le'fi
514 1624 662 1707 eliaeque
683 1631 798 1711 gentes
828 1563 1054 1688 adventabant
1081 1627 1169 1686 tame
1197 1619 1247 1684 di·

20 1705 63 1766 tis
91 1706 206 1792 regni,
235 1703 324 1789 quod
347 1705 501 1770 Vannius
529 1707 672 1790 triginta
693 1725 755 1788 per
781 1723 885 1768 annos
912 1703 1186 1802 praedationibus
1211 1711 1248 1767 et

20 1787 243 1875 vectigalibus
264 1797 413 1854 auxerat.
455 1787 525 1871 Ipsi
546 1807 664 1848 manus
685 1787 826 1868 propria
845 1781 989 1865 pedites,
1009 1803 1107 1869 eques
1128 1804 1147 1848 e
1168 1783 1248 1848 Sar·
1323 1849 1325 1858 ,

20 1870 117 1930 matis
137 1871 223 1950 Iasy
248 1870 320 1930 'bus
341 1878 424 1944 eret,
445 1871 555 1952 impar
575 1865 786 1930 multitudini
806 1865 973 1948 hostiumt
1001 1885 1109 1952 eoque
1128 1867 1247 1932 casul-
1357 1925 1365 1948 Ι

22 1948 62 2010 lis
83 1969 160 2016 sese
180 1947 204 2012 d
238 1969 354 2014 ensare
375 1948 562 2033 bellumque
582 1947 707 2014 ducere
727 1953 904 2014 statuerat.

89 2073 116 2124 1.
139 2065 274 2123 Vannius
296 2064 405 2134 Seruis,
431 2067 511 2138 parti
535 2082 648 2136 eorum,
679 2064 883 2133 Marcomanis,
911 2063 1001 2122 sociis
1027 2063 1199 2122 Marobodui
1214 2073 1247 2122 et
1291 2049 1298 2062 ⁸

21 2135 190 2202 Catualdae,
207 2155 227 2191 a
245 2137 339 2192 Druso
365 2139 488 2192 Cursore
505 2136 657 2208 impositus
681 2145 748 2193 ante
770 2137 875 2190 mli
896 2152 995 2194 annos.
1020 2153 1050 2193 v.
1068 2137 1105 2192 ad
1121 2139 1150 2203 2,
1171 2142 1196 2196 1.
1213 2137 1244 2206 2,

20 2209 63 2264 ot.
82 2209 120 2262 ad
144 2208 183 2265 G.
201 2212 249 2266 38.
274 2226 304 2266 tt.
325 2214 351 2266 1.
378 2209 413 2266 G.
439 2212 484 2265 tt.
510 2227 540 2262 n.
558 2212 586 2266 4.
614 2216 644 2263 et
661 2213 687 2267 o.
727 2209 858 2266 Vannius
875 2206 995 2263 Sumus
1011 2207 1070 2267 MS.
1090 2207 1189 2266 Guelf:
1208 2239 1244 2252 -
1283 2213 1288 2220 '

22 2281 217 2335 diuturnitate
235 2279 268 2334 s's
284 2281 444 2349 supertiam
461 2287 575 2334 mutuas
597 2281 663 2334 scil.
682 2297 721 2348 se,
745 2297 800 2406 ppo
817 2278 901 2366 vulp.
927 2284 1065 2346 mutatus,
1098 2279 1176 2350 quod
1201 2283 1246 2334 est

23 2353 51 2404 in
69 2351 114 2406 ed.
135 2351 157 2406 S
179 2353 219 2406 ir.
237 2359 267 2407 et
284 2351 487 2424 recipiendum
505 2351 658 2406 videbatur
677 2350 748 2406 Orol
764 2353 801 2418 'o,
825 2369 895 2422 qma
912 2359 1052 2421 sequatur
1072 2349 1246 2404 clrmmosr·

23 2429 74 2476 tss.
110 2371 177 2477 aed
198 2422 315 2477 Tacitus
347 2431 524 2478 structuram
550 2422 708 2477 verborum
726 2423 842 2477 variare
865 2421 949 2499 solet.
987 2423 1033 2478 Gt.
1052 2421 1089 2498 ed
1104 2426 1132 2488 4,
1150 2425 1195 2488 41,
1215 2423 1247 2479 2·

22 2493 218 2548 diuturnitate
232 2493 292 2550 MS.
311 2494 391 2548 Flor.
411 2492 476 2548 edd.
494 2492 575 2565 Spir.
593 2493 680 2550 Picls.
701 2502 731 2548 et
748 2509 807 2549 rec.
826 2491 904 2565 qnod
927 2499 957 2546 et
974 2491 1157 2547 divinaverat
1174 2492 1245 2563 bip·

21 2567 88 2620 sins.
101 2565 350 2690 Rpiratae-stitutus
359 2563 454 2691 ffis.
481 2564 582 2621 Guelt.
610 2566 683 2621 llud.
707 2565 792 2624 Harl.
819 2561 1061 2624 Bodl·1es.cdd.
1086 2563 1150 2617 rut.
1168 2567 1196 2620 1.
1214 2565 1244 2622 2.

22 2637 84 2691 ber.
152 2655 200 2694 en.
219 2641 245 2694 l·
264 2640 292 2696 2·
310 2639 340 2693 3.
1178 2647 1188 2664 “

86 2747 116 2802 2
138 2741 268 2802 Vibilius
290 2741 553 2798 Hemmndurorsms
574 2757 638 2812 res,
655 2761 685 2802 v.
704 2741 741 2798 ad
757 2743 785 2811 4,
804 2741 894 2810 bist.
915 2735 1052 2798 Vitellius
1068 2736 1149 2795 MSS.
1161 2737 1243 2794 Flor.

23 2821 50 2868 at
66 2815 141 2893 Agr.
160 2813 227 2871 edd.
247 2813 325 2884 Spir.
345 2813 438 2885 llyck.
456 2813 480 2874 1.
499 2816 592 2870 Gron.
611 2821 642 2870 et
657 2831 717 2870 rec.
745 2814 781 2868 ld
798 2828 905 2868 noman
922 2811 1053 2866 muneris
1072 2827 1147 2878 esse,
1206 2809 1245 2866 od

22 2889 149 2942 nendum
167 2885 355 2952 obsoleverit,
374 2885 459 2950 (uam
478 2886 537 2939 dus
555 2887 656 2943 Germ.
676 2885 787 2939 dicitur
805 2882 934 2951 Weibel)
953 2899 987 2936 eu
1022 2880 1153 2936 icebatur
1194 2878 1244 2935 de·

22 2957 159 3085 {misi
178 2954 418 3086 ἒὲῖΡὲὛ
436 2955 615 3085 iiiiii
630 2973 661 3084 Ρ.
680 2951 994 3096 {ludibili
1018 2951 1244 3078 ..titulat

36 3047 71 3087 03.
237 3045 670 3086 ι’..θῆθισι
785 3063 793 3079 s
989 3065 996 3084 s
1234 3058 1244 3077 ⁰

24 3100 117 3158 Gustu
154 3099 405 3170 frequentissima
423 3107 467 3154 est
483 3099 618 3154 contusio
637 3097 815 3170 syllabarum
833 3097 866 3151 ss*
877 3103 914 3152 et
930 3096 971 3152 s'u.
1003 3092 1053 3149 Sic
1091 3093 1157 3147 aulo
1174 3095 1245 3165 post

24 3172 64 3224 s'ss
81 3173 126 3230 ed.
145 3189 197 3244 pr.
221 3187 277 3243 pro
302 3170 358 3228 us's.
396 3171 655 3226 Hmudsrorum
687 3167 746 3223 MS.
770 3167 853 3226 Flor.
887 3166 951 3222 edd.
977 3163 1056 3237 Spir.
1130 3183 1175 3222 sn.
1202 3169 1229 3222 l.

23 3245 46 3298 2
73 3248 101 3299 3.
136 3253 170 3299 et
204 3243 343 3312 deinceps
380 3259 504 3298 omues«
546 3243 775 3296 Hermundurum
809 3239 873 3295 add.
919 3237 987 3321 Pet:
1034 3241 1059 3294 1.
1085 3239 1114 3318 ²:
1169 3236 1245 3290 Her·

25 3313 269 3370 madaurenses.
288 3313 596 3369 Benllsrmoudorum
621 3311 680 3368 MS.
699 3311 796 3368 Guelf.
818 3337 851 3349 -
889 3309 1003 3379 Vongso
1022 3321 1057 3360 oc
1079 3305 1151 3362 suto
1178 3305 1242 3364 edd.

26 3383 109 3442 Rieu.
127 3389 159 3442 2.
180 3389 208 3442 ³.
235 3386 366 3450 (tortasse
393 3403 409 3441 e
432 3385 493 3442 MS.
521 3383 613 3454 Bud.)
641 3393 671 3440 et
688 3401 747 3440 rec.
787 3379 900 3452 Vangio
924 3397 961 3434 ac
984 3377 1069 3464 strio
1094 3377 1147 3460 ⁰5¹⁶.
1165 3375 1184 3430 S
1205 3377 1243 3434 ir.

31 3457 136 3528 l'usgs'a
161 3471 198 3510 uc
221 3457 298 3512 Sdo
320 3457 382 3512 edd.
407 3457 469 3512 Put
494 3459 520 3512 1.
543 3459 570 3513 l.
598 3455 667 3514 Ber.
706 3453 762 3510 Sed
786 3471 811 3510 c.
829 3457 875 3510 to.
913 3453 1009 3522 Vagae
1028 3465 1062 3504 oc
1078 3447 1163 3504 Ssdso
1213 3445 1242 3504 8.

28 3527 100 3582 llas.
119 3535 152 3584 et
170 3527 215 3584 ed
235 3475 312 3599 gpir.
331 3535 362 3584 et
382 3527 516 3599 Vangido
534 3542 568 3581 ec
593 3526 670 3598 Sydo
687 3526 745 3584 MS.
765 3525 865 3580 Guell.
901 3523 946 3578 lle
969 3522 1078 3578 Sidous
1101 3521 1140 3576 cf.
1159 3519 1244 3584 m,

27 3603 49 3656 ἱ
65 3603 109 3658 21.
124 3633 161 3646 -
189 3600 361 3672 scripsitque
377 3599 409 3658 P.
427 3597 537 3658 Atellio
552 3631 585 3644 -
597 3597 709 3654 auritio
723 3613 778 3668 pro
794 3596 861 3667 ripa
879 3608 1042 3664 componere
1058 3589 1140 3647 MSS.
1159 3589 1243 3645 Flor.

28 3679 52 3724 st
75 3671 174 3727 Guelt
199 3671 279 3742 quod
306 3672 415 3742 recepi.
459 3671 547 3726 Plane
572 3671 616 3724 sic
638 3670 693 3728 inl.
719 3671 763 3735 lb,
787 3670 831 3724 25.
866 3666 1013 3722 Sest'bs‘tur
1039 3659 1190 3746 tetrerclts's
1208 3691 1243 3705 -

28 3743 109 3796 lassis
126 3741 300 3798 Corbulonis
325 3741 449 3814 obsequi,
479 3748 510 3798 et
535 3741 647 3796 similis
669 3759 698 3795 v.
727 3742 760 3794 in
776 3737 839 3794 lud.
858 3737 914 3796 111.
932 3757 964 3793 v.
981 3734 1123 3804 infinitior
1149 3749 1196 3788 nr.
1214 3732 1243 3791 ⁷.

30 3813 137 3884 scripsit
215 3811 250 3868 P.
269 3813 375 3870 Atellio
393 3845 426 3858 -
446 3811 512 3882 (ut)
530 3818 705 3882 conponeret
728 3811 790 3868 edd.
817 3825 927 3865 omnes.
963 3807 994 3861 P.
1013 3805 1122 3860 Atellio
1139 3804 1244 3860 Histro

31 3884 100 3940 llSS.
158 3903 202 3940 or.
224 3892 252 3940 et
268 3887 333 3942 Vst.
352 3885 456 3958 Lipsii,
475 3885 539 3944 edd.
557 3883 639 3938 Pich.
659 3891 688 3940 et
705 3900 764 3938 rec.
782 3879 933 3938 RAtells'o
950 3878 1058 3948 Hystro
1076 3876 1121 3931 ed.
1139 3875 1202 3932 Put.
1214 3879 1241 3932 1.

32 3953 58 4007 Ρ.
74 3957 194 4012 ΔηιΙΙίο
212 3954 307 4011 tieem
329 3956 387 4016 MS.
407 3957 477 4034 Agr.
506 3964 536 4012 et
558 3955 603 4010 ed.
628 3953 707 4026 Spir.
732 3953 766 4011 Ρ.
785 3951 907 4008 Attollt'o
934 3948 1029 4021 dystro
1053 3946 1114 4030 Mb.
1141 3945 1241 4001 Guell'.

33 4023 58 4076 P.
74 4029 180 4082 Atills'o
197 4025 297 4098 lustro
316 4029 379 4084 edd.
397 4029 461 4082 Put.
478 4031 506 4087 2.
534 4025 600 4083 nav.
619 4027 684 4082 Ber.
701 4024 794 4080 Rhen.
816 4028 842 4081 1.
868 4021 901 4080 P.
921 4021 1031 4075 Attils'o
1055 4019 1159 4082 Hastro
1180 4017 1240 4074 MS.

32 4095 96 4150 Μ
114 4099 178 4158 edd.
198 4097 290 4154 Rhesi
309 4103 337 4156 2.
355 4102 382 4158 ³.
400 4099 468 4155 Ald.
486 4099 565 4172 lips·
601 4097 730 4166 Potpslt'o
756 4095 859 4149 Histro
880 4093 957 4148 coni.
984 4091 1020 4144 Li
1042 4107 1065 4145 s.
1091 4097 1121 4174 et
1146 4087 1239 4159 llyck.

32 4183 63 4218 ss
77 4171 163 4224 inser.
182 4187 230 4242 sp.
249 4171 370 4226 Gruter.
389 4189 418 4242 p.
438 4173 501 4228 447.
519 4189 550 4226 n·
569 4171 595 4228 4.
631 4169 698 4226 sex.
721 4166 851 4237 Palpelio
875 4163 908 4220 P.
926 4164 950 4233 Ι.
972 4163 1031 4220 Vs.
1055 4160 1158 4244 lisstro
1182 4159 1242 4242 lep.
1327 4201 1334 4220 .

34 4237 76 4290 Τι’.
93 4241 196 4296 etuti
215 4240 351 4297 Gussurs‘s
372 4247 451 4314 Aug.
473 4258 537 4312 pro.
562 4255 618 4298 eos.
634 4253 681 4309 pr.
708 4245 747 4294 tr.
766 4239 808 4309 pl.
826 4235 911 4293 Xos'r.
935 4233 985 4290 stl.
1002 4233 1090 4315 iudsc.
1109 4236 1152 4304 ptr.
1178 4229 1242 4288 mel.

35 4307 85 4378 ’ἐι
102 4311 190 4396 ¹lill'.
216 4311 400 4372 Germoss‘cos
422 4312 523 4372 consti
548 4312 596 4370 Τι’.
613 4309 750 4392 Cossum
774 4309 853 4382 Aug.
880 4307 949 4364 dato
964 4304 1016 4364 sub
1033 4303 1091 4360 dso.
1110 4303 1186 4374 Aug.
1205 4331 1238 4350 ι-
