2814 4792
171 199 236 272 m
552 197 803 268 maurum
829 197 917 266 Lm.
939 192 1017 266 XV.

269 367 398 448 eahent,
418 387 516 454 quam
535 375 577 434 ut
595 368 768 432 conmario
784 365 983 456 sagittarunt
997 331 1091 432 iactu
1109 365 1353 450 adaequarentur.

208 455 261 516 ein
288 471 371 537 pona
400 455 612 517 continuatur
641 453 807 536 cellaeque
840 449 976 516 adversi
1002 469 1065 536 per
1089 453 1190 516 aooiaa
1213 447 1354 528 cohorter,

172 544 250 622 post
276 537 446 638 iaqiqnum
470 539 590 600 caetris
621 545 838 622 occupantur,
869 541 962 597 tanta
989 535 1158 597 celeritate
1183 541 1215 596 et
1232 539 1355 596 ostenta-

173 621 266 684 tione
295 638 439 697 varrum,
474 627 514 682 ut
543 617 677 699 Parthi,
712 619 835 680 omiaao
868 625 990 702 paratu
1022 615 1221 682 invadendae
1247 615 1356 696 Syriae,

173 721 267 788 apem
287 721 419 766 omnem
438 703 474 790 in
493 701 685 766 Armeniam
707 709 890 766 vorterent.

247 823 273 876 1.
291 835 432 891 uunquam
450 819 607 889 neglectum
623 817 788 890 Eriperes
817 817 850 872 in
866 817 925 875 MS.
946 817 1044 874 Gneli.
1074 833 1101 872 ιι.
1120 817 1240 886 neglecto
1255 815 1284 871 ii.
1304 813 1356 884 ripa

175 899 216 960 et,
233 900 268 946 ut
286 893 317 947 in
335 891 417 960 Buri,
435 898 468 946 ot
486 908 520 946 ae
536 889 620 962 ponti
638 899 694 947 cet.
719 923 752 934 -
778 890 946 959 praecidite,
973 907 1046 962 quae
1070 907 1132 962 cap.
1151 891 1192 946 li.
1214 887 1299 960 prino.
1323 885 1357 938 ii-

175 971 285 1018 camtur
308 965 482 1022 monimento
508 961 650 1032 Euphrati
675 961 858 1032 imperitaret
883 965 1057 1018 oliezer.
1084 961 1200 1014 cartello
1223 965 1294 1028 taque
1312 957 1358 1010 Eo-

173 1032 311 1106 phratem.
330 1035 374 1094 Cf.
394 1037 430 1091 ad
447 1039 475 1101 2,
494 1037 538 1102 67,
558 1040 584 1092 1.
603 1062 637 1074 -
656 1033 792 1088 euticetis
809 1033 917 1104 rumpia
933 1049 1040 1102 magno
1058 1034 1150 1104 apeca'e
1162 1031 1301 1085 colitohoat
1315 1027 1358 1082 he-

175 1117 314 1166 xameter.
335 1109 379 1166 Cf.
399 1107 479 1171 adl,
498 1111 524 1174 1,
544 1111 568 1164 1.
597 1105 634 1160 ad
652 1105 686 1160 G.
704 1107 749 1166 39.
776 1124 805 1158 n.
824 1109 851 1161 4.
877 1103 940 1164 lud.
961 1103 1016 1162 111.
1043 1122 1072 1158 v.
1088 1105 1198 1160 'Verere
1226 1103 1282 1170 (ubi
1300 1099 1358 1154 locis

71 1238 74 1254 Ι
175 1179 272 1234 Taciti
290 1179 415 1234 laudatis
438 1176 508 1234 adde
533 1176 609 1234 Anu.
631 1183 656 1246 l,
676 1178 733 1242 ⁷1.)
768 1179 857 1234 Voss:
887 1175 951 1234 eie
977 1177 1239 1250 Zeitmeseung
1262 1170 1357 1226 tera.

176 1250 341 1324 Sprache
367 1269 408 1324 pt
423 1253 484 1308 249.
504 1251 566 1306 25⁰.
594 1257 624 1304 et
645 1251 677 1304 in
695 1249 829 1338 Epistola
846 1247 882 1302 ad
900 1247 949 1301 Fr.
968 1249 1001 1306 h
1020 1247 1165 1302 Wolfium
1183 1245 1244 1300 data
1258 1243 1313 1298 Vol.
1328 1241 1358 1298 11.

175 1341 206 1396 p.
225 1323 287 1380 Ἀθ.
324 1321 506 1390 „Annalium
524 1319 656 1390 τηλαυγὲς
673 1335 829 1393 προσωπον
852 1319 886 1374 ab
903 1319 1073 1374 hexametro
1099 1320 1227 1396 graviter
1248 1315 1280 1370 ad
1294 1331 1359 1368 aures

177 1393 476 1482 accidanteorditun
506 1391 584 1480 quoqi
601 1401 701 1446 utrum
721 1409 789 1448 casu
806 1389 956 1478 acciderit·
969 1409 1006 1444 an
1023 1392 1137 1477 ratione
1148 1389 1308 1476 ⁸institutum
1323 1385 1358 1446 ait,

177 1462 915 1611 ttettfitlttttitrttfttiittfft'ffli.{tii
930 1457 1360 1604 iiissii‘iiciffississitffl

177 1611 211 1663 iu
228 1610 371 1733 ppematis
388 1609 584 1663 Romanorum
602 1605 760 1693 historicis·
772 1606 907 1692 aprima
921 1615 1013 1660 aetate
1030 1603 1120 1677 probe
1138 1601 1297 1690 versatque
1310 1615 1361 1652 uer·

178 1679 696 1807 ii’ni'iissiinffffiiiiirii
712 1676 1361 1824 ttttmmtittittf·{hetthaei

178 1823 358 1908 intelligent,
385 1841 438 1879 cur
462 1823 531 1878 eatia
554 1839 668 1908 graves,
694 1823 745 1876 aad
766 1839 871 1906 parum
894 1821 1043 1876 numerosi
1066 1817 1246 1874 decurrant.“
1277 1815 1360 1897 Baiter·

178 1895 313 1949 anteacto
340 1895 459 1964 campie,
487 1893 605 1947 flumini
633 1889 847 1960 adiacentibus5
878 1890 952 1944 Ern.
978 1891 1022 1950 Gi.
1051 1889 1087 1944 ad
1112 1891 1150 1943 Η.
1175 1893 1202 1955 3,
1226 1890 1267 1946 63.
1287 1900 1382 1956 pune

178 1981 284 2095 qapgpg
307 1967 411 2094 {pecqq
439 1965 481 2019 ita
504 1973 539 2020 ut
555 1981 660 2042 magna
678 1964 831 2020 rideretur
847 1961 1018 2017 multitudo.
1056 1962 1102 2018 Gi·
1122 1963 1201 2028 adei,
1218 1963 1243 2028 6,
1260 1957 1282 2014 1.
1313 1955 1382 2008 hin,

215 2073 225 2106 p
280 2077 288 2092 ι
344 2073 353 2104 ,
409 2073 416 2089 ι
436 2043 509 2093 extr·

248 2146 275 2200 2.
293 2159 378 2197 nucea
395 2158 536 2196 connexae
554 2141 682 2198 trabibus
700 2157 735 2195 oc
751 2139 882 2196 turriam
899 2147 1008 2208 arctoa,
1026 2159 1057 2195 r.
1071 2141 1108 2196 ad
1128 2143 1155 2208 l,
1173 2141 1202 2204 3,
1218 2141 1243 2195 i.
1261 2143 1288 2192 et
1301 2134 1330 2188 ii
1342 2135 1362 2196 3,

179 2217 225 2279 47,
250 2218 277 2270 i.
308 2228 410 2268 conexu
432 2213 490 2271 MS.
515 2215 596 2268 Flor.
627 2221 700 2268 teate
724 2211 823 2266 Furia
849 2239 883 2252 -
920 2214 1072 2285 proturbat
1095 2211 1247 2266 burburus:
1273 2210 1300 2262 in
1320 2205 1362 2259 MS.

180 2285 280 2340 coele.
304 2286 455 2354 perturbat
480 2285 505 2340 h.
556 2281 667 2341 Deinde
695 2283 729 2339 ιἰι
753 2299 807 2355 que
831 2299 905 2338 aare
928 2317 962 2330 -
984 2285 1184 2356 pemmeeaet
1209 2279 1281 2340 MSS.
1302 2277 1362 2332 rior.

59 2415 62 2433 .
180 2355 281 2418 Gooli.
299 2354 343 2414 ed.
360 2355 439 2429 Spir.

649 2515 842 2574 CAPUT
893 2517 928 2572 Χ.
983 2553 985 2560 ·

262 2621 329 2690 Ubi
348 2625 469 2689 Paatua
490 2625 735 2689 imminentium
763 2625 893 2689 nescius
914 2625 1062 2710 quintam
1088 2623 1253 2714 legionem
1271 2613 1366 2704 procul

181 2711 218 2774 in
238 2705 345 2773 Ponto
365 2709 519 2772 habebat:
542 2712 686 2793 reliquas
706 2711 904 2792 promiscuis
924 2709 1069 2775 miiitum
1087 2705 1313 2772 commeatibus
1328 2701 1382 2760 in»

181 2795 385 2872 firmauerat,
421 2791 527 2856 donec
552 2791 733 2856 adventare
753 2793 842 2855 Volo
885 2811 941 2854 sen
972 2811 1093 2880 magno
1122 2802 1158 2856 et
1185 2793 1304 2853 infenso
1327 2802 1367 2867 ag-

181 2878 272 2938 mine
293 2873 455 2939 auditnm.
498 2874 640 2938 Accitur
660 2875 749 2961 legio
771 2875 838 2937 duo
863 2875 968 2937 ocima
988 2883 1033 2954 et,
1054 2873 1145 2938 unde
1166 2877 1280 2937 famam
1296 2865 1367 2931 aucti

72 2999 79 3016 ·
182 2961 348 3024 exercitur
369 2967 574 3044 speraverat,
596 2955 730 3040 prodita
751 2959 992 3042 infrequentiae
1022 2979 1087 3040 qua
1115 2965 1226 3020 tamen
1252 2947 1382 3016 retineri.

80 3059 86 3082 '
182 3050 294 3106 castra
325 3051 358 3106 et
389 3039 480 3106 eludi
499 3041 642 3106 Parthus
663 3049 777 3104 tractu
802 3036 883 3106 belli
911 3030 1056 3123 poter‘at,
1090 3043 1119 3104 oi
1146 3041 1245 3104 Paeto
1271 3031 1369 3098 autin

183 3129 253 3191 auia
280 3126 401 3188 autin
426 3126 544 3188 alienia
575 3126 723 3188 consiliio
750 3127 937 3188 constantia
964 3127 1091 3188 fuisset.
1133 3123 1271 3186 Verum
1285 3117 1369 3182 ntia

182 3210 268 3272 viria
289 3209 494 3271 militaribus
522 3207 683 3271 adversus
710 3216 868 3296 urgentes
896 3227 989 3270 mana
1021 3207 1176 3269 firmatur
1205 3211 1285 3282 erat,
1309 3215 1369 3260 rur·

183 3311 250 3370 sus,
271 3311 313 3352 ne
333 3291 461 3354 alienae
482 3293 665 3434 sentenp’ae
684 3290 837 3377 indigens
857 3290 1043 3370 videretur,
1064 3293 1100 3352 in
1122 3287 1254 3353 diuersa
1278 3302 1310 3346 ac
1328 3278 1369 3342 de·

184 3376 314 3441 teriora
332 3373 513 3437 transibat=
545 3381 579 3436 et
614 3393 679 3436 nnc
698 3376 826 3436 relictis
846 3373 1009 3447 hibernie,
1043 3393 1110 3436 non
1142 3375 1261 3435 fossam
1286 3379 1369 3445 neque

183 3459 310 3522 vallum
335 3455 410 3535 eibi,
444 3455 502 3520 scd
529 3475 672 3538 corpora
704 3465 737 3518 et
763 3476 856 3519 arma
884 3459 920 3518 in
947 3457 1078 3520 hostem
1107 3454 1184 3518 data
1215 3452 1370 3518 clamitant,

185 3539 281 3604 duxit
301 3540 447 3626 legiones
469 3541 562 3622 quasi
583 3539 711 3620 proelio
733 3547 933 3606 certaturus.
976 3537 1116 3618 Deinde,
1139 3539 1258 3603 amisso
1278 3537 1370 3594 centn·

185 3626 281 3688 rione
302 3631 336 3686 et
356 3623 470 3705 paucis
490 3622 667 3702 militibus,
689 3643 770 3706 quos
792 3623 938 3686 visendis
959 3623 1105 3684 hostium
1126 3623 1231 3704 copiis
1251 3611 1370 3701 praemi·

185 3715 288 3786 aeret,
307 3702 459 3786 trepidus
481 3707 654 3782 remeavit,
675 3713 707 3767 et
729 3705 805 3787 qnia
825 3709 935 3772 minua
956 3708 1081 3768 acriter
1098 3705 1277 3789 Vologeses
1296 3693 1372 3761 insti·

185 3797 286 3868 terat,
312 3808 398 3852 vana
419 3807 537 3850 rursus
563 3787 684 3852 fidncia
712 3790 780 3851 tria
808 3790 916 3851 millia
946 3786 1066 3851 delecti
1091 3785 1214 3870 peditis
1240 3781 1382 3868 proximo

186 3873 295 3936 Tauri
328 3873 409 3958 iugo
437 3871 607 3954 imporuit,
639 3889 703 3956 qno
728 3874 908 3935 transitum
943 3873 1034 3959 regio
1067 3879 1232 3934 arcerent.
1277 3865 1373 3928 Alerta

187 3974 317 4041 quoque
338 3955 534 4032 Pannonioa‚
556 3956 662 4017 robur
683 3957 859 4038 equitatur,
880 3957 916 4017 in
936 3964 1034 4038 parte
1053 3955 1160 4036 campi
1180 3954 1275 4014 locat.
1304 3945 1374 4007 Con·

186 4043 268 4104 iunx
287 4058 325 4102 ao
346 4039 435 4100 filins
456 4037 606 4117 cartello,
628 4040 685 4100 cui
700 4041 917 4101 >Arsamosata
938 4057 1058 4100 nomen
1085 4045 1147 4118 eet,
1174 4033 1287 4108 abditi,
1314 4027 1375 4088 dett

186 4125 224 4186 in
244 4120 447 4206 praesidinm
474 4119 614 4186 cohorte
644 4140 683 4184 ac
710 4119 860 4204 dispereo
881 4121 996 4195 milite,
1026 4122 1145 4204 quiin
1164 4135 1232 4181 uno
1261 4113 1374 4176 habitus

187 4226 310 4294 uagum
329 4205 458 4270 hostem
479 4203 667 4291 promptius
691 4205 952 4269 sustentavieret.
993 4203 1036 4266 Et
1063 4223 1102 4267 ae
1145 4223 1162 4268 e
1190 4195 1374 4280 compulsum

135 4347 136 4352 ,
189 4292 318 4372 ierunt,
333 4297 373 4354 ut
392 4289 571 4354 instantem
588 4285 776 4370 ¹Corbuloni
795 4291 976 4365 fateretur3
998 4305 1100 4352 neca
1159 4283 1293 4354 rbnlone
1312 4291 1375 4360 pro·
