2872 4786
159 239 223 310 ot
531 179 780 301 mnemon
807 229 892 300 nn.
912 187 1005 298 x'vs

161 405 191 459 n
204 421 229 460 e
247 403 331 458 nnn
347 403 424 458 snm
440 401 477 456 c·
494 417 593 458 essm
611 401 680 474 qun
697 399 796 456 nm·
812 397 926 467 muse,
944 399 1043 455 unu.
1069 413 1126 453 m
1142 364 1278 466 runnu
1296 395 1378 454 uss.

159 475 338 605 {opiticum
357 474 420 532 edd.
440 489 540 529 omnes
559 481 626 527 ente
643 471 734 528 Bekk.
754 487 808 527 nos
825 471 993 538 interfuerit
1011 469 1088 526 MSS.
1104 471 1185 525 Flos.
1204 471 1283 536 (test.
1295 469 1380 524 Pieli.

247 546 303 612 ot.)
325 545 408 602 Herl-
432 543 514 602 Bodl.
540 545 614 600 Bud.
640 544 739 600 Gueli.
770 559 826 598 non
849 543 1023 611 interfuerat
1045 543 1102 598 MS.
1122 543 1178 597 les·
1201 543 1265 598 edd.
1285 541 1380 601 nere.

160 619 232 676 llitt·
268 653 289 684 n
297 618 423 686 Quarum
442 618 653 690 scripturarum
672 616 755 670 nuta
771 615 894 670 ebrurdn
911 622 970 681 est3
994 616 1143 672 diversum
1167 623 1265 668 tumen
1290 631 1383 684 qure-

159 709 218 764 que
234 689 323 745 hebet
339 688 491 744 rationem.
510 687 574 742 Non
591 686 723 754 interficit
737 705 801 746 rom
813 685 947 758 ἀορίστως
962 688 1119 759 exprimit3
1138 702 1194 740 non
1206 687 1380 752 interfuerat
1425 701 1426 708 ¹

159 763 283 834 respicit
294 761 331 816 sel
342 771 457 832 tempus
466 761 598 828 funeriis
609 775 671 814 ,non
688 759 854 826 interfuerit
864 760 997 814 enuntiet
1010 759 1205 830 suspicionem
1217 757 1268 811 rel
1280 759 1381 811 conie-

160 843 277 890 ctnmm
288 833 450 905 scriptoris,
461 849 517 900 qus
529 848 588 884 non
600 831 673 884 dicit
683 849 713 886 se
725 830 870 900 reperisse
879 829 910 884 id
918 833 950 884 in
962 833 1043 896 sctis,
1057 829 1108 884 sed
1119 830 1276 895 nominer-e,
1285 827 1381 882 ’Πιτα-

160 923 238 962 eeem
250 905 351 960 funeri
360 919 419 958 non
437 902 619 970 interfuisse,
637 903 714 974 quis,
733 917 823 986 quum
838 900 964 958 honores
981 901 1127 973 Poppaeae
1139 899 1379 966 decernerentur,

160 985 265 1050 sponte
279 975 379 1030 absens
390 972 477 1028 iult.“
498 972 605 1028 Waett.
628 1003 659 1017 -
673 973 774 1042 Capeto
790 974 977 1028 Cossutianus
994 989 1084 1050 gener
1092 971 1238 1048 Tigellini
1246 972 1315 1058 lege
1332 988 1380 1024 re·

183 1046 354 1104 ennianum
367 1043 527 1102 umens.
545 1062 574 1100 v.
590 1049 634 1110 11,
649 1046 677 1099 b·
697 1049 740 1111 1³,
755 1048 799 1102 33.
816 1047 862 1112 lt,
881 1047 922 1100 lt.
942 1049 987 1102 17.
1008 1071 1041 1083 -
1060 1044 1099 1097 od
1115 1042 1247 1112 flagitia:
1272 1061 1306 1098 sn
1320 1041 1378 1098 tte.

159 1067 246 1176 bort.
259 1127 289 1174 et
301 1118 345 1172 erl.
362 1117 440 1188 Spir.
459 1117 499 1170 od
511 1115 663 1184 flagitium.
684 1143 717 1154 -
730 1116 842 1186 iniquus
857 1115 996 1170 Tbrueeue
1009 1115 1086 1170 MSS.
1101 1115 1185 1169 utor.
1203 1117 1282 1182 (test.
1299 1112 1379 1166 rich.

162 1193 289 1258 etViet.)
307 1189 377 1266 lleg.
391 1187 475 1242 Corb.
497 1185 560 1242 edd.
576 1187 653 1260 Spir.
663 1186 779 1245 Waltls.
798 1187 933 1242 ininticue
945 1187 1173 1242 remittentes.
1184 1184 1255 1241 llud.
1266 1184 1380 1256 aliique

160 1271 192 1318 nt
208 1261 273 1318 edd.
298 1269 353 1318 cet.
382 1277 419 1315 ex
436 1261 695 1330 mterprsumento
714 1261 841 1337 mergini
862 1259 1020 1332 adempto.
1045 1278 1074 1312 v.
1093 1259 1129 1312 sd
1147 1260 1175 1322 3,
1193 1261 1220 1314 4·
1248 1265 1325 1311 extr.
1346 1289 1379 1300 -

160 1333 332 1388 moriente
349 1330 412 1386 eius
428 1329 607 1397 meridient,
632 1329 784 1385 demuntur
811 1340 895 1398 esset,
920 1340 954 1384 ut
972 1348 1033 1402 cap.
1053 1333 1098 1388 19.
1121 1329 1379 1395 cs.sto,1t,1.
1425 1361 1426 1364 =

162 1433 197 1450 -
217 1404 382 1476 Capitonem
399 1403 619 1474 repetundorum
637 1401 830 1472 interrogent,
856 1420 885 1460 v.
904 1401 941 1457 ud
959 1408 985 1470 1,
1004 1405 1049 1469 74,
1068 1407 1094 1462 1.
1114 1409 1145 1456 et
1164 1405 1209 1470 1³,
1227 1403 1273 1469 14,
1291 1405 1319 1457 1.

586 1555 780 1614 CAPUT
829 1555 948 1615 ΠΗ.

240 1667 337 1734 'Quin
360 1673 395 1730 et
421 1667 480 1730 illu
510 1665 717 1730 obiectubets
750 1666 918 1750 principio
947 1666 1027 1728 enni
1053 1665 1165 1730 silure
1193 1663 1382 1728 Thraecem

151 1752 308 1818 ¹sollenne
327 1753 381 1817 ius
402 1749 603 1826 iurandums
635 1749 936 1832 nuncupationibus
962 1757 1122 1813 votorum
1153 1767 1221 1812 nou
1251 1745 1381 1825 adesse,

161 1837 312 1921 quemvis
339 1833 632 1918 quindecimvirali
658 1832 846 1896 sacerdotio
878 1829 1085 1913 praeditum
1118 1849 1289 1915 nunqnam
1315 1851 1383 1974 pro

161 1920 268 1986 salute
287 1919 454 2000 Principis
475 1925 534 1980 aut
554 1917 691 1982 coelesti
718 1937 800 1980 voce
826 1915 1071 1991 immolaviss03
1099 1913 1270 1978 assiduum
1298 1914 1382 1976 oim

162 2011 197 2066 et
217 2000 430 2081 indefessum,
460 2001 517 2084 qui
537 1999 735 2099 vulgaribus
758 2017 888 2083 quoqne
915 1997 1054 2060 Petrum
1080 1999 1242 2064 consultis
1273 2005 1383 2060 semet

161 2089 329 2150 tautorem
359 2092 419 2146 aut
446 2083 678 2146 adversarium
700 2082 902 2160 ostenderet,
930 2083 1079 2144 triennio
1107 2102 1175 2144 non
1203 2083 1382 2144 introiisse

91 2175 93 2178 ’
161 2171 306 2242 οητίαως
327 2169 597 2249 nuperrimeque,
625 2186 728 2248 quum
749 2165 793 2230 ed
820 2163 1021 2228 coercendos
1040 2164 1190 2228 Silenum
1219 2173 1254 2226 et
1275 2163 1383 2227 Vete-

161 2271 236 2316 rem
256 2252 412 2312 certatim
433 2259 706 2328 concurreretur,
726 2250 870 2330 pcivetis
891 2250 1004 2330 potius
1032 2250 1205 2310 clientium
1233 2249 1382 2347 negotiis

160 2333 339 2398 inmune.
383 2331 609 2395 Secessionem
630 2333 695 2392 iam
717 2331 752 2394 id
774 2341 808 2396 et
827 2343 939 2416 partes
961 2339 1007 2411 et,
1028 2333 1059 2394 si
1082 2331 1174 2395 idem
1195 2330 1296 2392 mults
1323 2351 1383 2393 au-

161 2415 274 2494 deant,
304 2413 429 2476 bellum
455 2435 535 2479 esse.
583 2415 628 2480 Ut
653 2415 810 2500 quondum
836 2415 873 2482 C.
899 2413 1084 2494 'Caesarem
1116 2415 1235 2498 inquit,
1266 2423 1302 2478 et
1329 2415 1380 2478 Μ.

164 2499 325 2576 Catonem,
348 2501 397 2562 ito
416 2517 500 2562 nunc
522 2505 564 2577 te,
586 2499 686 2577 Nero,
708 2507 740 2562 et
764 2497 935 2564 Thraseam
956 2499 1052 2562 ouidc
1073 2497 1308 2563 discordiarum
1335 2502 1381 2562 ci·

162 2587 249 2648 oitui
270 2581 422 2664 loquitur.
465 2581 512 2646 Et
532 2579 630 2645 babet
650 2591 826 2647 sectatores
848 2581 899 2646 uel
915 2585 1027 2663 potius
1038 2581 1207 2660 satellites,
1228 2585 1288 2665 qui
1302 2601 1381 2644 non-

162 2667 234 2731 dum
255 2668 482 2730 contumacium
507 2669 746 2748 sententiarum,
779 2667 837 2730 sed
855 2665 997 2731 babituri
1028 2667 1207 2748 uultumque
1237 2669 1309 2729 eius
1335 2686 1382 2728 se-

163 2760 306 2828 ctentur,
329 2751 433 2831 rigidi
453 2757 485 2811 et
508 2753 632 2828 tristes,
663 2771 727 2833 quo
756 2751 820 2814 tibi
846 2749 1010 2814 lascivium
1041 2749 1244 2832 exprobrent.
1289 2749 1382 2814 Huic

162 2837 221 2899 uni
240 2833 443 2898 incolumitas
466 2841 534 2912 tun,
557 2843 631 2895 tuoe
652 2845 739 2897 ortes
760 2837 831 2898 sine
851 2833 980 2897 bonore.
1012 2829 1192 2915 Prosperes
1212 2829 1382 2916 Principis

129 2913 135 2926 ⁸
163 2937 215 2982 res
235 2919 377 2998 spernit.-
397 2919 532 2979 etiamne
553 2915 694 2982 luctibus
715 2929 746 2982 et
768 2917 935 2982 doloribus
956 2936 1020 2979 non
1041 2913 1202 2982 satietur!
1226 2915 1383 2980 Eiusdem

62 3047 67 3060 .
163 3005 261 3066 enimi
281 3009 341 3074 est,
362 2995 544 3082 Poppaeam
564 3000 668 3064 diuum
688 3021 753 3066 non
775 3001 914 3081 credere,
936 3005 1039 3072 cuius,
1061 3004 1096 3066 in
1118 3010 1194 3064 acto
1214 3000 1289 3068 dioi
1310 2999 1382 3066 Au·

228 3087 256 3148 ti
276 3093 307 3147 et
329 3083 397 3147 divi
415 3085 495 3148 Iulii
516 3103 580 3146 non
599 3086 717 3150 iurare.
759 3083 895 3166 Spernit
916 3084 1103 3166 religiones,
1124 3085 1267 3166 obrogat
1283 3085 1381 3168 leges.

161 3105 298 3236 ffirna
316 3167 429 3248 populi
450 3167 587 3232 Romani
605 3187 665 3248 per
684 3173 879 3248 provincius,
899 3188 959 3250 per
979 3173 1142 3234 exercitus
1162 3171 1312 3231 curatius
1339 3169 1383 3231 le-

163 3259 300 3335 guntur,
321 3259 359 3312 ut
378 3261 541 3324 noscatur,
563 3251 644 3334 quid
666 3249 809 3316 Tbrosea
832 3271 897 3315 non
917 3251 1046 3332 fecerit.
1088 3248 1160 3316 Aut
1181 3260 1383 3314 tronsecrnus

72 3413 75 3420 Ι
162 3335 207 3398 nd
226 3334 285 3399 illu
306 3337 470 3414 instituto,
491 3337 522 3398 si
541 3338 674 3417 potiora
695 3345 781 3410 sunt,
804 3345 861 3399 out
881 3355 965 3398 noua
986 3335 1187 3417 cupientibus
1207 3333 1383 3416 auferatur

163 3418 230 3482 dur
250 3428 284 3481 et
303 3427 427 3481 auctor.
469 3419 539 3481 Ista
560 3427 648 3482 secta
672 3417 855 3484 Tuberones
876 3429 909 3482 et
928 3419 1102 3506 Eunonios,
1133 3421 1235 3482 ueteri
1255 3437 1382 3502 quoque

164 3505 212 3566 rei
230 3501 380 3584 publicae
400 3503 536 3583 ingrata
557 3506 694 3582 nomino,
713 3507 840 3586 genuit.
887 3501 930 3566 Ut
958 3506 1305 3583 imperiumeoertunt,
1341 3503 1381 3566 li-

164 3585 317 3650 bertotem
334 3583 541 3666 praeferunt:
562 3589 593 3650 si
611 3591 835 3667 perverterint,
858 3585 1035 3650 libertatern
1055 3590 1156 3668 ipsun
1229 3585 1381 3667 gredien-

137 3679 230 3732 ·tur.
272 3669 411 3734 Frustra
433 3667 577 3734 Cossium
597 3673 756 3751 amovisti,
784 3675 814 3735 si
834 3670 973 3756 gliscere
1004 3677 1036 3732 et
1065 3607 1379 3752 vegereabrstom

163 3752 301 3816 aemulos
320 3770 475 3832 passurus
495 3772 539 3819 es.
583 3752 733 3838 Denique
751 3753 836 3818 nibil
855 3757 926 3835 ipse
952 3753 992 3815 de
1017 3751 1161 3817 Tbrusec
1188 3755 1378 3835 scripseris,-

164 3837 407 3918 disceptatorem
433 3847 575 3900 surorum
605 3837 699 3902 nobis
733 3838 895 3921 relinques
927 3837 1066 3899 Extollit
1097 3838 1150 3899 ira
1184 3845 1380 3922 promptum

164 3917 353 3983 Cossutiani
380 3919 527 3984 animum
553 3917 660 4002 Nero,
699 3919 878 4006 adiicitquo
904 3917 1108 3984 Marcellum
1134 3919 1277 4003 Eprium
1307 3921 1379 3981 acri

163 4003 362 4094 eloquentie.

233 4123 259 4178 1.
275 4118 420 4189 principio
446 4119 517 4176 unni
542 4121 635 4176 uitare
655 4121 809 4179 Tbrneenrn
825 4123 952 4177 sollenne
970 4119 1176 4190 iusiurandum,
1202 4139 1231 4176 v.
1249 4119 1288 4176 etl
1305 4125 1333 4189 1,
1352 4125 1377 4187 7,

162 4192 190 4248 3.
210 4199 240 4246 et
257 4191 351 4263 lipsii
367 4191 440 4246 Erc-
459 4197 486 4249 1.
511 4192 547 4248 ed
564 4193 638 4248 Ann.
657 4195 729 4249 xvt.
763 4226 796 4238 -
823 4193 1083 4262 nuncupationibus
1104 4199 1231 4250 volomus
1255 4208 1311 4246 nos
1329 4193 1379 4246 od·

163 4275 232 4327 esee,
249 4279 279 4316 v.
299 4263 335 4317 etl
351 4266 381 4328 t,
399 4267 443 4330 1⁷,
463 4268 489 4321 1.
510 4272 540 4319 et
557 4266 651 4336 lipsii
667 4265 741 4318 Ere.
762 4265 802 4320 ll.
821 4265 859 4320 ed
876 4267 950 4319 Ann.
969 4265 1041 4321 XVI.
1063 4293 1096 4303 -
1115 4263 1243 4336 momnis
1262 4263 1378 4334 quinde-
1425 4315 1426 4318 ,

163 4330 307 4387 susurru
322 4335 485 4392 sacerdotio
501 4337 679 4406 praeditum,
697 4353 764 4392 num
782 4344 851 4394 rote
868 4337 922 4394 ille
940 4335 1183 4410 nuncupabantur
1205 4352 1222 4389 s
1246 4337 1377 4392 sucerdo-
