2826 4792
268 253 414 320 emur
434 255 462 320 1.
485 255 527 322 u.
578 255 791 350 (numne.
836 255 1023 336 ecum
1107 311 1161 368 =.
1226 259 1251 322 a

65 439 146 504 aquo
162 431 314 504 repertus
336 430 387 486 est
406 421 496 506 apud
515 423 613 488 lisias
634 423 818 511 vinclisque
839 423 955 487 inditis
986 425 1021 504 ln
1045 419 1169 488 Urbem
1196 441 1254 488 res

65 511 130 586 ptus.
167 505 283 586 Neque
304 504 381 570 data
402 515 536 571 senatus
559 509 656 590 copie
679 509 770 568 intra
791 508 980 572 cubiculum
1001 505 1138 568 auditur
1159 505 1251 570 Mes·

62 585 144 648 saliua
161 605 269 650 coram
289 587 325 650 et
345 584 466 652 Suillio
486 592 738 674 corruptionem
760 591 916 666 militum,
945 610 1025 674 quos
1056 591 1197 672 pecunie
1218 599 1252 655 et

62 677 161 751 stupro,
181 671 214 732 in
240 671 334 734 omui
364 673 495 759 flagitio
523 673 702 758 obstrictos
731 675 910 761 arguebat,
944 675 1020 736 exin
1048 671 1251 738 adulterium

61 749 201 836 Poppaeae
221 774 261 816 ac
282 763 488 837 postremum
510 757 684 823 moltitiem
707 758 859 838 corperis
872 757 1068 820 oblectante.
1092 751 1145 818 nd
1164 754 1251 838 quod

59 836 131 896 uicto
149 837 277 900 silentio
298 841 457 922 prorupit
484 859 561 902 reus
589 847 634 920 et,
661 841 845 920 Interroga,
873 841 996 922 inquit,
1017 836 1129 913 Suilli,
1163 839 1252 923 filios

59 925 134 992 tuos3
151 922 246 983 virum
267 941 336 984 esee
354 941 401 984 me
421 922 632 1001 fatebuntur:
653 922 889 1010 ingressusque
901 923 1140 994 defensionem,
1161 941 1253 984 com-

58 1009 131 1061 noto
147 1006 303 1068 umorem
324 1006 360 1066 in
381 1005 516 1069 modum
538 1004 691 1084 Claudio,
713 1006 912 1069 Messalinae
943 1027 1071 1088 quoque
1097 1005 1252 1071 lacrimas
1325 1043 1329 1054 ·

58 1085 168 1150 excivit
208 1085 336 1150 Quibus
357 1087 530 1152 abluendis
552 1090 705 1152 cubiculo
727 1085 903 1174 egrediens
924 1096 1038 1152 monet
1060 1080 1252 1168 Vitellium‚'
1339 1127 1346 1140 .

57 1185 90 1226 ne
107 1167 181 1230 elabi
207 1190 305 1234 reum
333 1173 469 1236 sineret.
519 1173 594 1254 Ipsa
621 1171 665 1234 ad
683 1173 875 1254 ‘perniciem
902 1171 1075 1254 Poppaeae
1103 1173 1252 1252 festinat,

56 1249 184 1328 subditis,
204 1255 262 1336 qui
283 1262 418 1318 terrore
438 1257 583 1318 carceris
605 1253 648 1318 ad
668 1256 896 1318 uoluntariam
917 1263 1061 1318 umrtem
1083 1255 1249 1336 propelless

55 1341 125 1412 rent,
144 1331 221 1398 adeo
243 1339 363 1423 ignaro
385 1335 538 1417 Caesare,
559 1346 599 1400 ut
619 1357 741 1422 paucos
762 1347 840 1422 post
861 1337 932 1400 dies
954 1338 1142 1420 epulantem
1162 1333 1253 1420 apud

54 1433 82 1474 se
103 1418 250 1482 maritum
280 1421 351 1483 eius
372 1419 565 1504 Scipionem
595 1429 864 1503 percontaretur,
891 1441 955 1484 cur
973 1423 1043 1485 siae
1062 1440 1163 1484 uxore
1184 1421 1252 1485 dis·

54 1497 213 1566 eluisset!
244 1511 344 1586 etque
370 1504 428 1568 ille
447 1503 593 1586 functam
614 1504 688 1584 soto
710 1504 940 1588 responderet.

110 1587 131 1638 1.
152 1585 191 1638 As
209 1584 351 1640 claudius
377 1595 432 1640 cetn
455 1586 506 1641 bic
531 1587 637 1657 capitis
655 1587 694 1644 11.
723 1587 845 1640 initium
867 1587 941 1652 ieci,
973 1602 1033 1640 non
1060 1602 1129 1640 cum
1155 1585 1253 1640 verbis

54 1649 213 1722 Nequedum
239 1664 356 1711 senatus
378 1657 470 1728 cepio.
502 1692 535 1702 -
563 1667 699 1728 tanquam
721 1659 901 1726 oppsimendo
927 1659 999 1712 bello
1018 1657 1182 1726 &spinum
1207 1673 1251 1724 pr.

52 1739 86 1790 pr·
101 1725 185 1792 miste,
202 1729 241 1782 cl.
262 1729 326 1782 lnd.
346 1729 400 1784 111.
420 1746 448 1782 v.
467 1729 614 1784 cessata
632 1737 661 1784 et
680 1730 843 1785 Genends'oa
865 1730 898 1784 in
916 1729 1030 1784 Dotion.
1067 1729 1167 1782 Rullus
1183 1725 1253 1788 vGri-

52 1793 132 1860 tpt'aus
187 1800 295 1853 eetors‘e'
314 1802 476 1868 praefectus
499 1817 566 1854 cum
590 1802 680 1856 Lusio
707 1802 791 1868 Geta,
815 1802 867 1866 (ci.
887 1818 949 1871 cap,
968 1803 1012 1857 31.
1034 1803 1077 1862 11,
1096 1801 1142 1855 11.
1171 1805 1200 1853 et
1218 1797 1254 1856 ad

51 1869 148 1948 1,1,3.
178 1872 229 1942 qui
249 1889 286 1925 ex
304 1871 434 1946 Poppaea
458 1872 562 1928 Sabina
589 1872 686 1928 fllium
711 1873 847 1944 suscepit,
872 1873 1045 1948 privignum
1071 1870 1198 1925 Neronis
1224 1877 1255 1924 et

51 1953 116 1990 mesu
139 1942 197 1997 eius
219 1942 298 1996 mari
323 1961 461 1998 morsum.
494 1943 538 2000 cf.
558 1961 584 1998 c.
604 1947 631 2000 1.
653 1947 695 2010 11,
714 1946 757 2000 11
779 1947 823 2011 13,
842 1945 886 2000 te.
908 1945 949 2010 15,
970 1946 1013 1998 71.
1034 1945 1077 2009 16,
1104 1945 1145 1996 17.
1172 1939 1251 1996 Suet.

49 2005 105 2088 lter·
120 2011 161 2070 35.
182 2039 213 2050 -
230 2011 337 2066 vinclis
357 2029 390 2066 ue
408 2014 524 2083 inditis,
542 2032 571 2078 v„
591 2013 627 2069 ad
637 2017 717 2080 3,18,
736 2017 762 2070 3.
789 2045 822 2057 -
837 2014 931 2084 Neque
950 2015 1020 2069 duta
1038 2019 1155 2088 senatus
1172 2012 1254 2082 copto

49 2083 114 2132 estre
130 2091 182 2140 cet.
219 2083 265 2137 lte
292 2083 327 2137 ed
348 2121 355 2136 .
384 2092 443 2138 vet.
462 2094 530 2139 unte
547 2085 731 2152 Ernestium,
759 2085 810 2154 qui
828 2088 968 2140 maiorem
994 2085 1126 2139 distinct.
1155 2084 1254 2156 posuit

49 2157 101 2214 1³⁰³!
121 2153 198 2220 cupio
221 2162 315 2219 ratus,
340 2153 553 2230 elegantiorem
579 2158 741 2210 orationem
769 2164 799 2209 et
816 2153 923 2208 'lecito
941 2154 1108 2240 digniorem
1127 2173 1200 2219 esse,
1228 2155 1254 2206 si

48 2219 118 2274 verba
139 2223 206 2276 dota
231 2225 318 2294 eopia
344 2242 404 2279 uon
427 2241 482 2296 pro
508 2226 656 2295 ablativis,
689 2225 739 2281 sad
762 2241 817 2299 pro
841 2226 1031 2280 nominativis
1059 2227 1251 2295 accipientur.

46 2287 99 2344 Non
113 2294 203 2360 video,
222 2297 297 2367 quid
316 2296 479 2372 elegantius
499 2299 539 2352 ita
556 2298 677 2368 prodire
694 2299 804 2368 possit3
826 2295 936 2351 Waltb.
958 2325 989 2336 -
1009 2295 1255 2350 intromittentem

47 2357 81 2411 lm
99 2367 222 2420 cratoris.
249 2397 283 2408 —
311 2367 475 2422 Messalina
494 2387 599 2434 coram,
623 2371 661 2425 ci.
681 2369 746 2422 lnd.
766 2369 805 2424 ll.
825 2389 854 2422 v.
873 2365 1034 2422 Messalina
1062 2375 1091 2422 et
1115 2367 1177 2419 lud.
1197 2365 1252 2419 111.

44 2377 496 2566 q-slitqeeppssitgp‘qeshlvmiqiqus
512 2441 698 2564 peeltpositoe.
735 2439 897 2568 Meqsqliqq
917 2441 981 2566 epid.
1000 2447 1060 2564 opst.
1074 2438 1254 2562 'messallae

83 2527 198 2560 ·u·
360 2527 418 2565 s.e
470 2528 843 2578 musmonem,
899 2526 1185 2575 ,.-ueo-
1240 2535 1253 2549 -

45 2573 146 2632 iecteate
169 2579 248 2638 uss,
281 2528 359 2635 eddp
368 2590 428 2636 vet.
463 2590 493 2639 et
521 2529 581 2640 rpec.
606 2529 675 2638 inqe
698 2602 715 2636 a
738 2580 833 2639 rich?
855 2582 999 2637 Silius-
1019 2580 1161 2634 obiectare
1188 2579 1253 2634 edd.

43 2647 106 2716 lips.
140 2649 246 2706 Suillio
265 2652 328 2706 bis.
345 2653 427 2707 Bodl.
448 2663 477 2710 et
496 2654 559 2709 edd.
577 2661 638 2709 vet.
658 2654 752 2709 Suits'o
771 2653 834 2711 edd.
854 2671 913 2708 rec.
941 2653 986 2710 Gi.
1006 2653 1042 2706 ad
1060 2655 1088 2719 1,
1106 2656 1152 2714 31,
1171 2653 1197 2707 1
1217 2680 1251 2691 -

41 2721 142 2782 messia
160 2731 187 2776 et
206 2729 308 2794 stupro
326 2725 477 2780 obstrictos
503 2728 536 2780 s'n
554 2725 633 2780 omni
651 2725 782 2794 flagitio:
818 2741 914 2792 „nom
938 2731 974 2778 ut
998 2737 1082 2776 omne
1106 2721 1253 2800 flagitium

43 2793 252 2858 committerent,
278 2795 351 2862 (hoc
369 2804 445 2852 esset
468 2799 501 2851 in
518 2813 598 2852 omne
622 2797 769 2868 flagitium
787 2797 950 2864 obstrictos,
974 2795 1021 2848 uti
1044 2793 1161 2848 volebat
1178 2787 1253 2847 llbe-

41 2863 127 2928 mnus)
145 2865 196 2918 sed
214 2867 248 2919 iu
266 2868 349 2920 omni
366 2867 489 2946 flagitio,
510 2869 587 2938 quod
604 2868 749 2924 Asiaticus
768 2869 961 2922 commisisset
978 2866 1028 2919 vel
1044 2865 1253 2918 commissurus

41 2929 137 3001 luisset,
165 2934 196 2988 b.
213 2953 239 2990 e.
263 2939 297 2990 in
322 2941 402 2992 omni
428 2940 537 3018 flagitii
564 2941 717 2994 occasione
736 2939 798 2994 sive
816 2941 950 3006 materie,
978 2937 1010 2991 ἐν
1026 2935 1103 3022 adop
1121 2939 1251 3004 πονηρίᾳ.

40 2997 138 3060 Similia
163 3015 234 3060 sunt
260 3009 304 3074 15,
323 3012 367 3066 11.
393 3009 426 3063 s'n
449 3011 571 3066 crimine
595 3011 726 3066 convicti.
751 3009 831 3064 Suet.
852 3010 953 3068 Claud.
973 3027 998 3064 c.
1018 3010 1062 3064 11.
1091 3025 1124 3061 on
1140 3005 1253 3062 maiore

39 3073 125 3134 froude
141 3077 320 3132 mneietosf‘
341 3079 448 3139 Waltl.
485 3079 536 3137 Sic
554 3089 584 3136 et
602 3083 664 3136 Gic.
680 3099 713 3165 p.
733 3081 815 3135 Sulla
832 3085 876 3139 311.
902 3083 934 3135 in
961 3080 1012 3134 bne
1035 3080 1139 3132 scelere
1157 3078 1252 3132 coeni·

39 3149 94 3212 ‘¹⁸⁸2
112 3147 191 3203 Suet.
212 3147 276 3204 Tit.
296 3153 323 3208 1.
342 3153 484 3207 convictos
503 3155 536 3208 in
556 3153 738 3219 effectctsone
756 3153 881 3222 imperii.
902 3153 947 3208 Cf.
966 3150 1136 3206 liamsbcrn.
1149 3151 1250 3203 Gram.

38 3221 129 3282 1188.
148 3251 181 3262 —
202 3220 291 3276 exin.-
309 3223 342 3276 iu
360 3221 403 3278 ed.
423 3222 500 3296 Spir.
521 3225 633 3280 exinde.
650 3243 687 3263 ⁰-
706 3223 853 3293 Poppaeae
871 3223 932 3278 edd
940 3223 1019 3296 Lips.
1041 3229 1070 3276 et
1089 3239 1149 3276 rec.
1162 3221 1253 3290 Puppe

38 3286 177 3344 biblion
242 3308 261 3346 o
279 3291 436 3364 Poppaeae,
452 3303 628 3367 postrenum
646 3296 809 3349 clarissime
834 3296 958 3348 indicari
975 3293 1095 3366 putebat
1113 3293 1136 3348 1.
1157 3293 1249 3346 Gren.

37 3355 146 3428 Poppeue
163 3309 348 3426 idguGuell.
369 3374 400 3420 et
418 3367 481 3422 edd.
499 3375 560 3422 vet.
578 3367 622 3422 De
641 3386 674 3422 ea
693 3374 721 3422 e't
739 3367 775 3422 de
793 3367 856 3420 filia
872 3384 900 3424 v.
921 3365 984 3419 lud.
1004 3365 1026 3420 l.
1047 3373 1076 3417 et
1094 3363 1131 3417 ed
1149 3381 1211 3435 cap.
1226 3363 1250 3416 l.
1307 3437 1312 3444 .

39 3447 60 3480 o·
77 3437 100 3486 1.
118 3466 149 3477 -
169 3451 206 3489 ee
220 3441 409 3505 postremum,
427 3441 467 3492 ci.
486 3440 522 3498 ad
542 3441 668 3506 1,11,1
689 3445 763 3494 extr.
790 3439 1019 3508 aet-postremum
1042 3434 1124 3490 MSS:
1149 3433 1251 3491 GuellT

39 3499 174 3562 11111111.
195 3537 230 3550 -
250 3508 406 3562 mollitiem
424 3512 566 3580 ees-peris,
586 3510 811 3580 impudicitiam,
830 3518 864 3563 ut
883 3511 927 3574 15,
946 3511 990 3565 19.
1010 3515 1040 3561 et
1062 3507 1168 3572 nmilia,
1196 3507 1250 3560 Gr.

36 3571 146 3643 μαλακὸς,
169 3574 331 3652 pretende,
356 3577 472 3654 μυρκὸς,
502 3581 590 3648 (uude
614 3583 710 3635 Venus
728 3581 852 3648 Murcia)
875 3575 990 3640 ἁπαλὸς.
1016 3577 1062 3632 of.
1088 3579 1124 3631 ad
1149 3575 1185 3633 G.
1207 3579 1249 3633 11.

38 3645 209 3702 ntum.
228 3649 451 3720 astitissent,
472 3656 515 3710 lt.
536 3658 561 3710 1.
583 3654 676 3724 intpp.
696 3653 814 3706 Petron.
833 3655 878 3709 13.
908 3659 938 3706 et
962 3648 1070 3706 catull.
1093 3651 1138 3706 25.
1162 3648 1250 3704 Wei-

38 3711 111 3769 clere
128 3729 208 3790 poet.
228 3721 284 3775 let.
303 3723 389 3794 reliq.
417 3741 446 3796 p.
465 3727 521 3782 1311
545 3741 587 3796 sq.
613 3723 767 3778 moltitiem
791 3722 852 3778 edd.
872 3721 964 3780 libeu.
994 3729 1024 3775 et
1046 3721 1114 3773 dein
1137 3736 1247 3774 omnes.

37 3789 172 3844 moltitiem
195 3791 261 3846 MS.
290 3791 389 3850 Guelf.
416 3795 480 3850 edd.
508 3793 586 3866 spir.
605 3796 669 3849 Put.
690 3799 714 3852 1.
733 3798 760 3852 1.
779 3795 844 3850 Ber.
863 3793 927 3850 ltiv.
964 3825 997 3836 --
1030 3789 1105 3844 vicen
1131 3791 1248 3846 silentio

38 3854 97 3910 llSS.
113 3859 197 3916 Flor.
218 3863 296 3918 Bud.
316 3864 415 3920 Gueli.
436 3865 557 3921 (iorsrr.
579 3867 641 3922 edd.
661 3868 725 3920 Put.
745 3869 815 3922 1.1.
836 3866 901 3922 Ber.
921 3865 986 3919 niv.
1005 3861 1097 3916 liben.
1126 3859 1193 3915 Ald.
1218 3869 1249 3918 et

38 3941 78 3980 tto
94 3929 203 3988 indicte
222 3952 248 3989 e.
270 3942 386 3990 veteres
404 3936 512 3992 babere
530 3937 604 3992 dicit
621 3938 747 4008 lipsius,
771 3953 831 3994 nou
857 3953 939 4002 vero,
963 3936 1082 4007 qrrinam
1107 3933 1154 3987 illi
1179 3935 1246 3988 siut.

39 3995 144 4084 “infit
162 4005 319 4060 Boxburn.
340 4005 417 4061 illud
432 4009 568 4080 probent,
587 4009 637 4064 sed
654 4011 737 4063 varie
756 4010 999 4079 interpretentur.
1037 4005 1095 4059 llle
1116 4004 1247 4088 putabat,

39 4067 176 4130 lenticum
192 4076 369 4146 prorupisse
386 4078 422 4131 sd
439 4079 628 4149 loquendum,
648 4081 702 4134 etsi
722 4079 874 4135 silentium
891 4088 959 4134 ante
979 4080 1103 4142 iussum
1126 4075 1188 4141 luc,
1209 4093 1247 4128 sr-

41 4135 141 4199 lentium
158 4151 265 4219 potius
285 4147 426 4202 indictum
442 4153 604 4206 accusatori
629 4151 663 4205 sb
681 4149 810 4205 Asiatico
834 4167 894 4216 reo,
920 4151 986 4206 vieo
1010 4148 1103 4201 animi
1126 4147 1250 4199 maximi

41 4217 134 4269 titunc
151 4219 303 4290 inprimis
322 4222 472 4288 commoti,
489 4222 540 4275 vel
558 4240 576 4275 a
594 4222 715 4277 Claudio
741 4230 771 4276 et
794 4219 979 4281 Messalina.“
1014 4220 1115 4294 Longe
1139 4216 1247 4284 melius
1344 4265 1351 4276 .

42 4279 95 4338 ricto
115 4287 248 4344 silentio.
295 4287 374 4342 Nam
398 4293 457 4346 reis
479 4292 630 4348 silentium
660 4311 809 4364 nunquam
836 4292 1034 4358 indicebatur,
1067 4295 1098 4345 el
1130 4287 1248 4342 videtur

43 4349 167 4430 lintion»,
186 4361 263 4418 dum
283 4357 410 4418 Suillius
425 4355 514 4421 verli·
529 4366 650 4434 laceret,
668 4365 802 4433 mouisse,
820 4381 912 4439 quum
930 4377 1002 4420 vero
1019 4359 1253 4422 mellitimseon'
