2800 4790
197 131 368 247 'oerur
389 181 495 246 xnu.
519 179 642 246 xnus
670 179 724 257 (ι.
739 177 776 244 u
790 147 862 248 ou.
885 177 1054 257 nese.)
1190 178 1251 248 ιιι

50 349 74 404 ⁰.
90 351 114 406 d
131 349 206 404 nb
227 355 257 404 et
274 365 306 402 ca
329 391 335 404 .
362 349 405 406 lb.
430 365 459 402 ιι.
481 353 505 404 1.
542 363 576 402 oc
599 346 634 400 do
657 343 716 402 us.
741 345 822 400 Flos.
857 344 935 400 ilino
959 361 992 400 sc
1016 349 1065 404 ds's
1089 347 1151 407 edd.
1171 351 1249 422 lsips.

49 419 115 476 Pich.
134 417 250 474 Wsttb
275 365 327 474 aad
353 436 387 474 ac
413 419 483 474 doms'
512 419 573 476 edd.
602 419 659 476 lac.
686 417 777 472 Gran.
802 415 875 474 tall
901 415 965 488 Bip.
990 419 1038 474 oh.
1062 420 1144 476 latin:
1161 421 1250 478 eekk.

50 489 137 544 iisset
158 491 237 561 quod
253 493 377 546 fortasse
393 507 498 546 verum
525 498 567 544 est
595 498 624 544 et
647 506 681 544 eo
707 505 792 544 sensu
815 488 996 560 capiendum,
1020 499 1054 548 ut
1071 493 1262 568 signifieatm·v

50 561 169 646 dignatio
187 567 321 628 etvetus,
340 561 477 628 inbelle,
497 570 526 618 et
544 561 623 628 domi,
641 562 672 614 in
690 559 769 614 Urbe
788 568 818 615 et
834 562 914 632 pacis
933 563 1042 620 artibus
1080 572 1157 621 srts:
1185 583 1252 622 nem

49 631 161 688 tullius
187 633 262 688 olim
283 643 419 704 quaestor
446 632 616 687 Germanici
641 634 707 687 fuit.
734 651 762 685 v.
782 634 809 696 i,
826 635 871 690 el.
908 649 942 688 oc
960 635 1009 688 seo
1026 636 1053 690 Μ
1098 635 1194 692 .Bud.
1213 634 1252 700 (ι

49 723 79 760 u.
96 704 153 776 pr.)
172 703 259 760 Gorb.
278 703 322 760 ed.
341 703 419 776 Spir.
439 703 703 776 recompenset.
722 702 803 758 Bodl·
823 703 877 758 les.
890 701 987 760 Guelt.
1006 705 1041 758 ob
1059 721 1090 760 ec
1108 705 1165 764 MS.
1179 707 1249 764 Bud.

49 794 110 830 arn.
129 793 188 834 sec.
209 791 243 828 oc
260 777 322 830 olim
341 776 403 832 edd.
423 775 485 832 rut.
506 781 529 834 l.
548 778 575 834 i·
594 782 624 830 et
641 793 701 846 sqq.
728 775 880 844 usquead
897 775 976 846 lips.
1013 783 1091 845 etque
1109 777 1171 836 olias
1190 779 1252 834 cod.

48 845 102 900 L'rs.
120 876 155 888 -
191 853 305 902 veterem
322 847 505 912 dignationem
529 846 634 900 subitos
656 845 791 912 felicitati
812 846 976 914 submittere,
1000 865 1029 908 tt·
1048 847 1084 908 sd
1101 853 1146 914 12,
1163 853 1208 916 w,
1225 853 1251 906 1.

46 919 190 972 admittere
206 917 284 972 less.
304 927 332 973 et
351 919 414 973 add.
432 926 492 975 ret.
511 919 676 972 submitteret
694 917 756 978 edd
774 935 833 972 ree.
858 935 894 974 ex
918 917 1028 978 emend.
1055 919 1158 992 lipsii
1195 921 1253 979 Sed

47 991 107 1052 Η
123 991 251 1060 perferre
267 1005 320 1044 sos
337 989 467 1046 toteravit
485 989 586 1044 eodem
603 989 688 1044 mode
707 987 836 1058 dictum
857 989 962 1050 Waltll.

448 1133 642 1190 CAPUT
695 1133 832 1192 xullt.

115 1239 188 1306 Nec
211 1239 360 1322 deerant,
382 1245 439 1326 qui
459 1243 541 1306 haec
562 1241 680 1306 iisdem
701 1243 814 1306 verbis
843 1249 901 1304 aut
923 1261 1019 1308 versa
1041 1243 1077 1304 in
1106 1239 1253 1324 deterius

47 1321 179 1386 Senecae
200 1323 393 1402 deferrent3
414 1329 606 1411 repertique
627 1333 835 1390 accusatores
850 1323 998 1408 direptos
1012 1325 1132 1398 socios,
1154 1345 1253 1408 quum

48 1403 175 1473 Suillius
197 1411 404 1490 provinciam
427 1409 541 1476 Asiam
568 1402 712 1510 regeret,
734 1429 773 1472 ac
793 1409 946 1490 publicae
968 1409 1130 1492 pecuniae
1156 1419 1253 1490 pecu·

47 1489 140 1554 latum
161 1490 324 1556 detulere.
375 1491 469 1574 Mox,
498 1496 574 1578 quia
604 1495 852 1578 inquisitionem
879 1511 1023 1554 annuam
1053 1493 1254 1574 impetrave-

48 1582 123 1650 rant,
147 1575 284 1637 brevius
304 1577 426 1656 vuum,
456 1577 646 1640 suburbana
675 1578 817 1637 crimina
848 1577 962 1657 incipi,
991 1593 1134 1656 qnorum
1161 1574 1254 1638 obvii

47 1663 134 1718 testes
157 1666 263 1718 erant.
308 1658 337 1720 Ii
357 1660 539 1722 acerbitate
571 1660 792 1734 accusationis
817 1657 855 1721 Q.
876 1659 1096 1740 Pomponium
1124 1653 1167 1718 ad
1195 1677 1254 1720 ne-

47 1741 222 1802 cessitatem
244 1740 324 1803 belli
345 1743 456 1807 civilis
480 1742 666 1816 detrusum,
689 1741 809 1804 lullam
830 1739 935 1804 Drusi
960 1741 1063 1804 filiam
1084 1739 1252 1803 Sabinam-

47 1839 99 1904 que
117 1824 307 1908 Poppaeam
328 1823 371 1892 ad
392 1835 536 1891 mortem
557 1835 658 1904 actas,
692 1833 726 1890 et
753 1823 931 1891 Valerium
959 1817 1155 1900 Asiaticum,
1184 1823 1252 1888 Lo-

46 1905 121 1970 sium
143 1903 375 1989 Saturninum,
397 1908 594 1977 Cornelium
615 1909 750 1992 Lupum
771 1907 1039 1980 circumventam
1055 1907 1135 1970 ¹iam
1155 1905 1252 2006 Equi-

47 1993 106 2050 tum
126 1987 354 2054 Romanorum
374 1994 507 2082 agmina
530 1991 683 2056 damnata
704 2010 898 2074 omnemque
919 1987 1052 2054 Claudii
1082 1988 1253 2052 saevitum

44 2067 156 2134 Suillio
185 2073 405 2140 oblectabant.
454 2075 515 2138 llle
546 2075 633 2138 nihil
656 2095 697 2138 ex
722 2075 776 2136 his
809 2082 929 2157 sponte
960 2093 1035 2136 susa
1079 2080 1161 2150 tum,
1195 2070 1252 2136 sed

45 2153 184 2242 Principi
206 2159 357 2240 paruisse
378 2157 585 2236 defendebat,
613 2157 719 2221 donec
740 2177 812 2238 eam
840 2158 1027 2221 orationem
1075 2173 1171 2218 aesar
1197 2173 1252 2222 ce·

44 2233 154 2318 hibuit,
192 2251 399 2324 compertum
430 2243 495 2306 sibi
522 2245 671 2306 referens
698 2261 739 2305 ex
770 2241 1018 2304 commentariis
1077 2241 1159 2306 atris
1188 2242 1252 2318 sui,

45 2322 159 2384 nullam
194 2325 385 2408 cuiusquam
418 2327 663 2390 accusationem
699 2323 739 2386 ab
769 2343 808 2389 ec
840 2333 996 2389 coactam.
1076 2343 1134 2391 um
1163 2324 1253 2394 iussa

44 2399 235 2468 Messalinae
265 2407 440 2490 praetendi
467 2417 501 2472 et
532 2409 646 2472 labara
675 2405 833 2473 defensio.
878 2405 948 2470 Cur
969 2407 1059 2478 enim
1086 2408 1253 2476 neminem

43 2486 138 2550 alium
168 2487 349 2570 delectum,
388 2493 445 2578 qui
473 2493 648 2567 saeuienti,
683 2489 872 2572 impudicae
905 2508 1022 2554 rocem
1055 2486 1252 2574 praeberet!

45 2568 223 2634 Puniendos
264 2593 380 2636 rerum
415 2576 581 2638 atrocium
619 2575 809 2648 ministros,
850 2572 910 2634 ubi
944 2573 1054 2654 pretia
1088 2572 1251 2635 scelerum

43 2650 145 2736 adepti
176 2655 304 2718 scelera
331 2659 402 2738 ipsa
430 2660 506 2720 eliis
544 2657 711 2746 delegant.
758 2657 869 2800 lqitnr
900 2653 1052 2736 adempta
1087 2653 1252 2717 bonorum

43 2747 128 2814 parte
165 2735 257 2816 (nam
283 2741 356 2802 lilio
386 2749 420 2802 et
446 2743 539 2824 nepti
570 2759 649 2824 pars
678 2757 780 2802 conce
803 2738 933 2816 ebatur,
961 2735 1252 2820 eximebanturque

41 2821 133 2882 etiam
154 2841 238 2904 quae
255 2830 456 2892 ,assumento
478 2825 597 2888 matris
618 2831 677 2886 aut
697 2824 792 2888 aviae
822 2819 1031 2904 acceperant)
1062 2821 1099 2881 in
1126 2821 1251 2884 insulas

41 2899 186 2968 Baleares
207 2905 358 2988 pellitur,
387 2927 454 2968 non
476 2909 513 2969 in
541 2908 615 2990 ipso
638 2904 842 2984 discrimine,
871 2924 937 2966 non
966 2909 1041 2986 post
1069 2901 1251 2966 damuatio·

41 3005 108 3046 nem
129 2990 256 3052 fractus
277 2993 406 3064 anim03
427 2991 665 3072 ferebaturque
686 2990 821 3068 copiosa
841 2995 876 3050 et
890 2985 986 3049 molli
1001 2987 1074 3046 vita
1086 2995 1251 3050 secretum

41 3067 118 3130 illud
137 3071 346 3134 toleravisse.
389 3073 509 3136 Filium
530 3075 602 3134 eius
626 3070 841 3136 Nerullinum
862 3069 1027 3158 aggressis
1049 3071 1252 3134 accusatori·

41 3149 93 3212 bns
114 3172 178 3230 per
204 3153 368 3216 invidiam
394 3157 501 3238 patris
530 3165 564 3217 et
592 3156 733 3216 crimina
766 3151 1028 3236 repetundarum
1061 3153 1252 3220 intercessit

40 3231 206 3320 Princeps,
229 3243 383 3321 tanquam
404 3241 485 3302 satis
507 3237 638 3322 expleta
659 3239 797 3300 ultione.

104 3357 131 3410 1.
150 3361 199 3408 esst
219 3371 300 3409 serso
318 3355 422 3410 absunt
438 3375 456 3412 s
474 3355 553 3412 MSS.
572 3356 655 3412 lisrb
674 3354 755 3410 Bodl.
775 3353 829 3411 les.
848 3350 945 3410 (iucli.
964 3351 1035 3408 Bud.
1072 3351 1182 3420 Saltem
1206 3362 1253 3408 ast

42 3425 151 3478 servari
168 3425 303 3493 deberet,
320 3427 389 3484 Ero.
410 3458 443 3472 -
480 3429 600 3496 direptos
616 3427 715 3492 socios,
733 3423 940 3498 provinciales,
958 3434 992 3484 ut
1009 3425 1054 3492 15,
1072 3427 1116 3484 22·
1139 3443 1185 3501 pr.
1206 3427 1261 3482 (ll.¹
1314 3431 1317 3456 ¹

39 3495 70 3548 ed
88 3497 134 3561 15,
151 3499 195 3563 32,
215 3501 241 3554 l.
262 3529 295 3540 -
328 3499 490 3566 peculatam,
510 3499 622 3554 interce
643 3501 753 3553 tionem
771 3495 911 3564 petemus,
929 3495 1114 3571 potissimum
1126 3497 1254 3568 publicas

41 3573 64 3618 et
81 3585 188 3622 sacrae.
208 3601 242 3612 -
280 3569 344 3638 quio
371 3571 412 3624 its
437 3579 471 3624 ut
493 3573 522 3638 3,
540 3573 585 3626 tt.
609 3517 739 3636 (dotum,
760 3565 866 3622 Weltls.
892 3599 925 3610 -
961 3565 1168 3634 impetraverant
1194 3568 1252 3624 MS·

40 3637 113 3693 Flor.
135 3637 197 3692 seu
216 3639 297 3695 Picls.
311 3659 373 3714 sqq.
392 3641 584 3712 wnocurt
601 3639 682 3698 MSS.
699 3641 770 3718 fleg.
787 3639 868 3698 Harl.
886 3639 940 3693 les·
954 3637 1052 3692 Guelf.
1070 3647 1100 3693 et
1114 3637 1177 3696 edd.
1194 3648 1251 3696 vet.

39 3709 118 3776 preb.
134 3709 231 3764 eust.
251 3719 282 3766 et
294 3711 422 3770 Stramb.
449 3713 507 3770 Ssd
525 3721 639 3800 tempus
658 3710 856 3784 inquisitionis
871 3718 902 3764 et
918 3709 1024 3764 tertiasse
1040 3707 1253 3766 necandorum

37 3780 68 3832 st
85 3782 303 3849 mettas,
322 3801 381 3840 non
399 3803 416 3840 a
433 3786 494 3842 reis
512 3801 606 3856 pasca,
631 3785 691 3840 ism
711 3781 922 3842 animadvertit
940 3779 1029 3839 Gran
1054 3781 1100 3838 Gt.
1124 3797 1187 3854 cap.
1206 3785 1251 3840 6².

39 3859 64 3902 tt
81 3867 158 3922 qnos
176 3851 268 3910 Gren-
286 3854 416 3910 lsudnrit
435 3855 589 3911 (lietera.
608 3861 635 3924 1,
653 3859 680 3914 ²·
700 3855 774 3908 Plin.
793 3872 838 3924 ep.
856 3856 885 3922 3,
903 3855 931 3910 9.
949 3885 983 3901 -
1018 3851 1173 3909 mentm
1198 3853 1253 3908 cri-

40 3923 121 3975 ·t'm
141 3923 230 3980 immo
247 3927 362 3991 closo,
381 3936 410 3982 et
425 3927 474 3980 sals
486 3929 508 3984 'a
526 3929 732 3986 terminatione
749 3924 833 3982 verbi
849 3941 946 4010 praee.
966 3931 1080 3980 ortum:
1099 3921 1166 3983 Ετιι.
1191 3925 1253 3980 llos

39 3993 210 4050 substituere
228 3995 277 4052 Ob.
297 3998 370 4053 Len.
390 3998 480 4053 Bekk.
504 3997 581 4066 „Sed
598 3999 751 4054 sutertona
776 3989 902 4054 crimme
925 4001 1114 4068 opponuntur
1135 3995 1253 4074 longin-
1275 4059 1276 4064 ἵ

39 4065 100 4132 qais
129 4073 161 4118 et
182 4067 213 4119 in
234 4068 378 4135 provincia
400 4069 471 4123 Asio
494 4071 667 4135 commissis,
700 4069 736 4124 ad
762 4084 834 4140 quae
859 4067 984 4123 eruenda
1014 4067 1198 4138 proiectione
1221 4069 1252 4122 in

39 4135 137 4188 esiam
154 4137 370 4207 ets'sqss'ss'ts'ooe
388 4155 477 4194 menso
494 4157 565 4214 opus
584 4149 660 4198 erat:
688 4158 755 4195 nam
779 4139 954 4193 messmam
978 4137 1066 4193 etiam
1084 4138 1115 4192 in
1133 4139 1253 4193 unirer·

39 4223 101 4260 scm
130 4207 255 4276 ductat,
284 4211 362 4281 qnod
385 4211 490 4266 uem
515 4213 828 4290 neque‘longinquum
853 4218 907 4274 est,
936 4218 970 4264 ut
994 4211 1056 4266 cto.
1074 4212 1159 4264 Varr-
1178 4211 1206 4274 2,
1223 4214 1249 4267 ³.

40 4277 228 4336 sont-sss·
245 4281 357 4338 Ιιιὲιιιιι
371 4283 538 4352 prouisam,
566 4286 640 4342 l’lin.
669 4301 714 4354 ep.
732 4285 762 4350 Β,
780 4285 826 4342 tl.
851 4299 883 4338 sss
901 4281 931 4338 is
947 4281 1096 4350 longisque
1110 4279 1253 4351 prmiscia
