2814 4792
171 181 592 287 camenus-ns.
626 214 679 294 (a
701 211 744 283 u.
763 214 837 283 ers
873 213 914 280 s.
936 213 973 288 o.
994 214 1060 296 ss.)
1173 213 1236 284 sss

483 379 779 439 cerussa
991 357 993 362 “

96 487 166 554 Sed
185 487 459 577 gravescentibus
489 491 533 554 in
558 464 631 554 dies
650 489 796 575 puhlicis
817 487 913 553 malis
939 486 1086 553 subsidia
1106 489 1236 552 minue-
1306 460 1311 469 ¹
1371 547 1375 554 .

26 575 150 656 bantur,
185 576 416 658 concessitque
442 577 515 640 vita
534 574 677 648 Burrus,
711 575 880 638 incertum
900 573 1094 638 valetudine
1115 592 1158 636 an
1178 591 1236 635 ve-

26 677 110 722 neno.
155 656 325 721 Valetudo
347 679 388 721 ex
409 677 449 720 eo
470 659 734 738 coniectabatur,
757 655 847 740 quod
867 659 903 720 in
918 677 954 720 se
974 655 1236 721 tumescentibus

25 743 176 822 paulatim
198 742 347 805 faucibus
370 752 405 805 et
425 740 586 825 impedito
613 749 726 806 meatu
747 743 905 824 spiritum
925 739 1076 806 finiebat.
1118 740 1237 802 Plures

25 828 107 888 iussu
134 825 293 902 Neronis,
329 827 425 907 quasi
457 824 642 890 remedium
673 823 903 903 adhiberetur,
934 825 1057 884 illitum
1087 822 1237 907 palatum

24 911 84 971 eius
103 911 209 972 noxio
229 907 449 971 medicamine
469 909 717 988 asseverabant,
749 915 783 971 et
802 908 951 970 Burrum
971 906 1144 970 intellecto
1166 923 1238 968 sce-

24 989 94 1072 lere,
117 1011 221 1075 quum
243 989 285 1053 ad
305 991 481 1054 visendum
503 1011 580 1054 eum
602 993 761 1074 Princeps
782 993 941 1069 venisset,
972 997 1143 1074 aspectum
1164 989 1237 1052 eius
1310 1022 1315 1031 ·

22 1083 206 1138 aromatum
226 1075 410 1138 sciscitanti
428 1075 589 1140 hactenus
611 1073 834 1157 respondisse,
861 1073 938 1157 Ego
958 1091 1005 1136 mc
1026 1073 1103 1136 besse
1123 1071 1235 1136 babeo.

44 1159 153 1220 svitati
173 1156 302 1244 grande
323 1156 530 1222 desiderium
551 1161 623 1222 eius
655 1160 777 1220 mansit
796 1177 859 1239 per
881 1157 1077 1220 memoriam
1097 1156 1237 1218 virtutis

23 1247 51 1299 et
68 1259 300 1302 successorum
330 1242 470 1306 alterius
498 1261 632 1328 segnem
661 1243 899 1320 innocentiam,
930 1240 1070 1302 alterius
1092 1239 1238 1324 flagran-

21 1325 143 1384 tissima
171 1325 301 1409 flagitia
333 1333 367 1386 et
394 1323 571 1390 adulteria.
620 1325 751 1406 Quippe
781 1320 907 1385 Caesar
938 1321 1023 1384 duos
1055 1321 1237 1406 praetoriis

21 1405 209 1468 cohortibus
240 1409 460 1485 imposuerat,
491 1405 630 1467 Feuium
658 1405 781 1466 Rufum
810 1427 851 1467 ex
875 1404 971 1504 vulgi
997 1407 1125 1479 favore,
1160 1405 1238 1485 quis

19 1503 83 1546 rem
104 1487 362 1548 frumentariam
384 1488 455 1568 sine
477 1495 615 1570 quaestu
636 1489 813 1566 tractabat,
834 1487 1011 1551 Sotomum
1021 1487 1237 1574 Tigellinum,

19 1575 161 1629 ueterem
192 1567 439 1651 impudicitiam
465 1579 564 1654 atque
593 1573 766 1634 infamiam
795 1573 832 1631 in
860 1589 900 1634 eo
933 1579 1075 1634 secutus.
1126 1569 1237 1652 Atque

18 1649 65 1709 illi
91 1669 157 1733 pro
186 1653 329 1738 cognitis
355 1653 506 1717 moribus
536 1655 644 1734 fuere,
678 1652 826 1718 validior
854 1651 1039 1740 Tigellinus
1065 1653 1102 1714 in
1124 1651 1237 1714 auimo

17 1731 178 1816 Principis
206 1743 242 1796 et
261 1737 390 1800 intimis
419 1733 616 1800 libidinibus
644 1745 844 1818 assumptus,
879 1755 1042 1819 prospera
1065 1735 1181 1820 populi
1202 1741 1238 1796 et

16 1817 158 1960 lppilitum
179 1819 268 1884 tama
288 1818 413 1898 liutuss
450 1817 539 1906 quod
570 1819 661 1905 apud
680 1821 854 1886 Neronem
880 1818 1059 1884 adversum
1085 1817 1236 1901 experie-

54 1909 122 1966 tur.
527 1922 530 1930 ’

80 2021 106 2074 1.
125 2015 250 2088 Bassus,
268 2017 305 2075 de
323 2035 380 2092 quc
397 2037 425 2076 s.
445 2017 509 2075 Iud.
528 2017 554 2076 1.
574 2052 608 2066 -
644 2019 779 2078 incertum
795 2020 950 2078 ualetudine
974 2018 1105 2088 adversa,
1123 2017 1236 2086 morbo,

15 2089 1238 2234 smwmffiwfflmm

14 2239 57 2285 asa
73 2251 176 2288 ueneno
193 2231 271 2289 MSS.
329 2181 371 2294 dr.
391 2200 598 2302 (testa'Furia)
617 2236 717 2292 Gueli.
737 2246 767 2295 et
784 2205 850 2296 ’aaa
869 2203 991 2310 pribnae.
1029 2200 1066 2290 lh
1088 2233 1145 2292 MS.
1164 2227 1236 2288 Bud.

13 2319 45 2356 aa
62 2304 124 2380 legi
137 2305 276 2360 ‘affirmat
292 2306 458 2374 Rhenanus,
475 2307 526 2362 sed
550 2314 600 2362 aa
616 2307 714 2366 Obarl.
734 2343 769 2355 -
803 2311 836 2366 s'n
857 2327 888 2365 se
899 2308 1119 2366 ‘tumescentibus
1138 2308 1238 2377 paula·

14 2378 59 2427 tisn
75 2378 221 2443 fmseibuss
238 2381 368 2434 Muretus
386 2395 464 2433 corr.
483 2379 723 2436 tumescentibus
736 2398 767 2452 p.
785 2383 809 2450 f.
828 2380 907 2454 quod
922 2382 1034 2455 placuit
1048 2380 1188 2434 Ernestio
1207 2383 1238 2432 et
1268 2425 1276 2450 s.

12 2445 87 2502 Brut.
123 2449 259 2504 Miller-us
277 2468 384 2530 racem.
403 2455 449 2507 39.
469 2449 501 2507 s'n
518 2468 549 2504 se
568 2450 646 2508 idem
665 2471 727 2507 esse
744 2453 818 2507 dicit
836 2453 913 2522 quod
928 2470 982 2523 per
998 2468 1039 2520 se,
1059 2453 1136 2507 sitio
1155 2452 1237 2504 intus

14 2527 84 2586 orto,
103 2529 133 2575 et
150 2525 268 2576 confert
286 2521 362 2576 Cels.
382 2525 409 2594 7,
427 2525 454 2580 2.
473 2531 504 2578 et
521 2519 588 2577 Seu.
606 2541 652 2595 ep.
671 2525 715 2580 95.
752 2525 893 2590 „Nemini
918 2523 1027 2578 horum
1055 2522 1165 2576 credas.
1202 2521 1238 2574 In

13 2605 41 2642 ss
56 2595 153 2658 {mess
171 2593 353 2647 temerabunt
368 2591 399 2646 h.
420 2611 445 2647 e.
465 2601 566 2648 tumor
582 2611 643 2649 non
659 2594 811 2649 visebatur
827 2602 976 2660 externus,
1004 2599 1038 2645 ut
1062 2595 1161 2646 lauces
1186 2609 1237 2646 ex·

11 2662 211 2730 tenderentur,
240 2665 291 2720 sed
317 2667 453 2719 internus
479 2673 553 2736 erat,
577 2673 611 2720 ut
634 2673 747 2720 mestus
771 2667 901 2718 faucium
919 2663 1065 2738 paulatim
1082 2663 1237 2748 angustior

12 2733 102 2790 fieret.
136 2735 226 2790 Nihil
242 2735 392 2808 planius.“
413 2735 532 2791 Waltts
543 2765 576 2777 -
612 2737 743 2806 spirituus
760 2737 882 2804 finiebat,
900 2745 935 2790 ut
952 2737 1073 2790 animam
1089 2737 1171 2802 finsrc
1189 2750 1236 2804 ap.

11 2803 91 2861 ovid.
109 2810 180 2864 Met.
199 2809 228 2874 7,
246 2811 308 2864 591.
328 2807 425 2875 dixit3
443 2806 535 2862 Obert.
571 2807 697 2886 Vulgata
715 2810 865 2880 scriptura
881 2805 957 2863 hanc
975 2810 1037 2864 sim
1054 2805 1156 2874 habet:
1176 2805 1237 2877 spi·

10 2878 100 2930 ritum
117 2895 180 2934 non
196 2887 318 2950 repente
342 2879 454 2946 finivit,
481 2877 532 2934 sed
570 2880 702 2947 aulatim,
729 2888 765 2934 ut
787 2882 918 2936 faucium
943 2889 1043 2936 tumor
1060 2876 1235 2955 augebatur;

11 2947 111 3006 Kiesst.
149 2951 337 3026 „hegendum
355 2951 443 3006 credo
465 2949 538 3020 impe
558 2952 597 3006 ita
613 2961 706 3006 snecta
723 2953 841 3021 spiritus
857 2953 969 3020 finiebat
994 2969 1035 3006 sc.
1053 2951 1156 3015 vitam,
1187 2947 1237 3002 vel

8 3022 105 3102 potius
123 3021 246 3090 finierat,
264 3022 342 3092 quod
360 3031 390 3076 et
408 3023 560 3094 sequentia
578 3023 761 3080 desiderant:
787 3041 856 3079 nam
882 3023 956 3079 haec
980 3022 1166 3076 coniecerant
1182 3018 1239 3072 ho·

9 3109 102 3145 mrnes
120 3103 188 3164 post
206 3101 333 3148 mortem
350 3093 448 3148 Burri.
485 3093 610 3162 Spiritus
627 3111 723 3150 meare
741 3097 861 3165 dicitur,
883 3105 918 3150 ut
936 3113 980 3166 ap.
1000 3095 1084 3149 Curi.
1103 3096 1130 3158 3,
1149 3093 1188 3158 5.,
1208 3096 1237 3146 et

7 3164 91 3226 finire
107 3181 162 3234 pro
180 3167 255 3220 mors'
271 3184 334 3236 sup.
354 3167 382 3233 b,
400 3163 464 3222 50.α
490 3165 564 3222 Ern.
591 3166 636 3220 Gi.
656 3167 692 3222 ad
708 3170 737 3233 2,
755 3169 800 3232 21,
821 3173 844 3224 l.
881 3168 985 3236 spiritu
1005 3163 1062 3218 MS.
1082 3163 1180 3218 Guelf.
1202 3193 1235 3204 -

4 3237 128 3301 suanm
145 3237 208 3290 eius
225 3245 255 3292 et
294 3237 360 3290 aulo
379 3245 446 3308 post
463 3239 503 3291 ad
519 3239 662 3294 visendum
681 3255 742 3292 eum
758 3237 836 3293 MSS.
855 3238 937 3295 Flos.
958 3235 1057 3293 Guelt.
1077 3233 1140 3292 edd.
1156 3233 1234 3306 Spir.

8 3307 69 3358 Pus.
90 3310 115 3362 1.
133 3311 160 3366 2.
179 3309 245 3365 Ber.
312 3325 357 3362 en.
377 3315 402 3365 1.
420 3307 501 3366 Pich.
521 3329 585 3382 sqq.
623 3312 684 3365 eius
703 3317 733 3364 et
751 3327 812 3365 suns
830 3311 971 3364 omittunt
993 3307 1048 3362 MS.
1074 3307 1145 3362 Bud.
1170 3305 1234 3364 edd.

5 3375 100 3434 Rhen.
121 3381 148 3436 2.
173 3381 203 3437 3.
230 3379 296 3434 Ald.
323 3377 439 3452 Gryph.
464 3382 532 3434 Mic.
556 3383 638 3454 Lips.
675 3379 812 3448 „Tacitus
830 3382 957 3437 libenter
980 3379 1037 3434 hoc
1059 3379 1235 3451 pronomine

7 3451 71 3503 sine
90 3453 262 3506 necessitate
280 3452 387 3516 utitur,
405 3459 440 3506 ut
457 3454 536 3506 inira
554 3471 579 3508 c.
597 3457 642 3512 59.
678 3457 763 3508 talem
779 3471 841 3508 suns
858 3462 887 3508 et
906 3471 930 3507 c.
949 3455 993 3510 62.
1030 3454 1147 3506 accitum
1164 3465 1234 3514 euna

7 3538 75 3575 raro
101 3521 204 3576 Livius
231 3530 261 3578 et
284 3521 396 3580 Cicero.
431 3523 476 3577 Gi.
495 3525 559 3583 Lis.
588 3527 615 3592 b,
634 3528 670 3583 34
697 3535 772 3580 extr.
800 3525 878 3581 Suet.
898 3525 979 3580 Caes.
999 3526 1024 3581 7.
1044 3527 1089 3582 50.
1108 3525 1152 3580 55.
1171 3518 1235 3578 80.“

5 3591 75 3646 Era.
103 3591 226 3660 „Cicero
251 3595 328 3649 idem
352 3612 515 3665 pronomen
535 3597 648 3668 saepius
668 3599 764 3651 iterat.
789 3615 818 3656 r.
838 3597 933 3666 Beier.
959 3594 994 3650 sd
1012 3575 1072 3650 hic.
1091 3594 1141 3651 off.
1161 3599 1187 3661 l,
1207 3597 1234 3648 l.

6 3663 25 3728 l.
45 3669 75 3720 2.
97 3673 126 3719 et
144 3665 168 3733 §-
187 3666 253 3722 lb.“
269 3666 375 3730 Kiesst.
412 3665 597 3740 „Displicent
615 3670 738 3746 paulum
761 3671 822 3723 eius
841 3701 874 3712 -
893 3675 1032 3738 umectum
1055 3669 1116 3722 sius
1134 3698 1167 3711 -
1186 3665 1235 3718 de·

6 3735 142 3790 sideriten
160 3735 253 3790 eius.“
270 3735 350 3791 Brot.
370 3772 403 3783 -
440 3747 612 3794 erasarum:
646 3742 678 3795 in
696 3739 772 3801 MSS.
795 3741 876 3797 Tlor.
902 3741 991 3810 (teste
1009 3739 1115 3808 Furia)
1134 3735 1233 3793 Gueli.

6 3809 48 3860 ed
75 3806 156 3880 Spir.
179 3809 363 3865 maerentum.
392 3809 436 3864 Gi.
455 3810 493 3866 sd
516 3815 543 3878 1,
567 3814 613 3878 28,
632 3815 659 3869 3.
680 3841 714 3852 -
755 3813 911 3867 sciscitanti
934 3810 1009 3868 MSS.
1036 3811 1116 3864 Flor.
1145 3811 1234 3876 (teste
1284 3841 1296 3856 .

6 3877 65 3932 las.
86 3880 191 3945 Gron.)
208 3882 278 3959 Reg.
298 3881 368 3937 nat
388 3881 451 3938 edd.
470 3881 545 3955 Spir.
565 3881 637 3936 Ern-
657 3903 721 3958 sqq.
758 3887 964 3956 sciscitantique
981 3882 1056 3939 MSS.
1076 3880 1233 3942 liudi-les.

6 3957 35 4003 et
53 3951 121 4006 edd·
139 3961 196 4006 cet.
232 3954 425 4025 scicitants'que
442 3953 498 4012 MS.
520 3955 620 4010 Gueli.
641 3984 675 3996 -
710 3955 847 4024 bustense,
865 3976 894 4014 r.
913 3957 950 4010 ad
968 3959 1013 4021 12,
1032 3957 1077 4022 42,
1095 3957 1123 4010 3.
1143 3952 1234 4006 Hein-

5 4023 67 4075 sius
88 4023 270 4102 distinguere
288 4028 432 4082 malebat:
457 4027 628 4094 'suscitanti
655 4029 804 4097 Hactenus,
823 4029 1008 4101 respondisse,
1038 4043 1091 4094 ego
1107 4043 1151 4079 nse
1167 4025 1233 4077 bene

5 4089 103 4147 babeo.
137 4095 231 4162 „Quae
248 4097 294 4152 vis
313 4100 353 4152 sit
370 4100 403 4152 in
421 4114 454 4153 eo
473 4116 622 4171 responso,
642 4099 803 4159 diceutes.
823 4119 866 4171 ep·
886 4105 929 4158 24.
951 4100 1001 4154 Cn.
1013 4098 1137 4168 Pompeii
1154 4111 1233 4149 sacer

3 4165 105 4236 Scipio
119 4169 260 4223 centraria
278 4170 309 4224 s'n
325 4171 457 4240 Africam
474 4179 553 4226 vento
570 4171 688 4239 retatus,
714 4191 796 4245 quum
812 4173 903 4228 teneri
919 4187 1015 4226 nauem
1030 4187 1109 4226 mam
1125 4169 1233 4222 uideret

3 4237 37 4288 ab
56 4235 193 4304 barabas,
219 4242 301 4308 {erro
323 4259 355 4296 se
376 4237 616 4299 transoirberavs't
641 4252 669 4298 et
687 4246 887 4318 quaerentibus,
913 4245 962 4299 ubi
978 4244 1131 4314 imperatos
1147 4243 1230 4304 esset,

2 4308 230 4380 imperator,
256 4313 356 4385 tanat,
383 4313 470 4372 bene
492 4331 530 4372 se
552 4313 663 4374 babet.
705 4317 765 4373 Vos
787 4315 853 4371 baec
869 4317 947 4371 Mum
967 4331 1067 4386 parem
1081 4313 1233 4396 nsas‘ars'bsss
