2814 4792
245 215 390 314 aanor
411 217 594 286 ιιι-ιιι.
622 217 728 309 (aa.
743 218 817 288 aa
841 216 933 286 nc.
948 218 1019 300 su.)
1162 201 1259 290 'sss

28 389 71 454 pte
87 383 304 448 συνεπισπάσας
313 381 363 444 eie
378 381 496 458 ἡνίοχον
512 385 551 448 eis
567 379 599 440 si
618 385 733 459 ῥεῖθρον
755 381 924 457 ὑποβρύχιος
940 381 1101 455 ipauuin:
1125 385 1243 462 -llionp

30 459 84 512 sius
101 457 167 512 tlsl.
187 461 299 546 ,liqut
332 476 389 530 qus
410 465 495 532 purte
519 459 555 512 de
579 457 612 511 1..
634 457 771 526 Quinctio
795 459 857 536 agit
881 459 1023 515 dictatore
1052 458 1111 514 iaus
1134 459 1242 518 electos

30 525 61 592 ὡς
77 527 107 584 di
126 525 209 602 ἔγγὺς
226 546 272 596 ην,
290 531 394 596 ἵππους
416 548 445 584 ιε
464 527 537 598 αὐτῷ
560 523 697 600 φαλάροις
720 531 942 602 κεκοσμημένους
967 527 1113 603 εὐπρεπέσι
1137 535 1243 602 προσῆ-

30 603 152 670 perfunt
169 601 289 662 πελέκεις
307 598 366 676 ἅμα
385 607 444 662 ταῖς
462 601 583 678 ῥάβδοις,
607 595 727 668 teraris
749 618 778 655 ιε
804 595 873 654 ailon
892 603 944 671 γᾶς
966 603 1014 654 καὶ
1037 597 1070 654 ui
1092 601 1164 656 tlte
1188 624 1243 658 aa·

30 669 143 745 adanae,
162 665 204 734 οἷς
220 667 358 746 πρότερον
375 671 392 741 ἡ
410 675 465 728 seir
481 675 617 742 βασιλέων
635 671 800 746 ἐκεκόσμητο
825 669 905 742 ἄρχῃ,
932 671 1135 746 προσήνεγκαν.
1170 673 1242 732 Inde

30 753 150 816 apparet,
170 761 277 816 equum
294 764 385 800 unum
403 745 543 818 pluresve
562 763 628 799 cum
647 754 752 798 ornatu
769 744 961 816 imperatorio
979 753 1009 800 et
1033 746 1191 814 consulari,
1216 748 1242 804 si

30 834 88 870 eum
105 818 313 894 magistratum
332 817 391 872 dux
409 819 558 895 gessisset,
578 835 594 872 e
611 814 730 890 publico
747 816 839 884 datos,
862 833 921 870 non
944 816 1025 871 eliud
1042 835 1128 890 quum
1148 821 1241 890 spaci-

30 905 88 940 msn
106 897 133 944 et
155 897 253 944 notam
271 887 455 966 dignitatis.“
473 888 598 958 Lipsius.
635 887 804 944 consiliaria
829 886 887 966 Μξ.
907 888 987 945 Flos.
1009 893 1087 954 (test
1105 889 1182 948 vtes.
1211 899 1242 946 et

29 959 123 1026 Furia)
144 977 225 1016 erasa
242 977 271 1016 u.
291 992 320 1004 -
344 960 448 1027 hostia,
467 969 568 1014 nurus
587 961 674 1014 Marti
691 960 898 1024 immolandus,¹
917 961 998 1014 Brut.
1023 959 1099 1014 ostia
1119 977 1241 1032 quaeque

28 1031 215 1086 muniebantur
233 1029 290 1089 MS.
309 1029 390 1087 Ftor.
409 1040 481 1088 teste
499 1029 598 1089 Furia.
634 1027 757 1086 hostiam
775 1049 845 1103 quae
863 1031 1056 1086 muniebamur
1070 1049 1240 1102 -perrunn

27 1101 66 1170 pit
83 1103 125 1158 ed.
146 1103 224 1174 Spin.
245 1099 391 1175 hostiaque
408 1103 603 1158 muniebantur
621 1138 655 1148 -
672 1103 773 1174 irupit
791 1103 832 1172 (h.
848 1121 873 1158 e.
889 1102 1053 1172 praerupit)
1070 1103 1126 1160 MS.
1140 1103 1239 1164 Gueli.
1344 1101 1349 1108 ’

29 1175 132 1242 -pila
150 1175 276 1230 militum
294 1191 401 1244 arsere,
462 1175 498 1230 od
515 1175 552 1230 ad
568 1177 631 1230 vim
650 1184 680 1230 et
697 1185 832 1230 naturam
850 1175 927 1230 airis
953 1175 1093 1230 electrina
1116 1177 1239 1232 materis

74 1245 136 1300 vidi
154 1245 350 1314 referendum,
368 1257 402 1301 ut
458 1265 551 1302 musae
564 1248 658 1302 subito
671 1247 749 1302 deas
761 1246 793 1300 in
806 1247 940 1302 antennis
950 1247 1080 1312 navium,
1100 1247 1132 1301 iu
1143 1249 1240 1319 epicn-

49 1335 61 1368 s
78 1319 229 1403 signisque
248 1327 410 1374 castrorum
429 1327 526 1374 terrae
545 1319 653 1385 infixis,
673 1319 705 1374 iu
723 1335 883 1390 puerorum
901 1318 1070 1396 virorumve
1095 1319 1238 1444 capitibus

28 1405 66 1456 lp.
83 1391 150 1442 LW·
171 1395 197 1456 l,
216 1392 261 1447 ³⁹·
289 1391 333 1455 ²²5
361 1394 385 1448 ¹·
406 1393 451 1458 π,
470 1391 514 1446 39·
538 1391 584 1456 33,
607 1393 653 1448 26·
672 1393 717 1452 ³⁴9
735 1389 781 1446 45·
807 1391 852 1454 392
871 1391 916 1446 ²2
935 1391 980 1454 ⁴³,
999 1387 1102 1446 muli.
1154 1391 1176 1444 ss
1202 1389 1240 1446 ad

28 1462 66 1524 13,
84 1463 126 1526 et,
149 1465 173 1519 1.
194 1493 226 1504 -
246 1459 371 1516 Parthus
387 1459 479 1516 itastis
497 1460 656 1516 missilibus
673 1461 740 1516 telis
760 1461 895 1526 decertat,
914 1461 952 1518 cf.
972 1459 1007 1512 ad
1024 1463 1051 1526 e,
1071 1461 1116 1527 35,
1137 1465 1161 1516 l·
1190 1459 1238 1516 io-

28 1531 75 1652 ths'a
91 1530 167 1656 lliSS.
186 1531 268 1658 Ἑῑοιὲ.
288 1533 373 1660 (geste
391 1533 481 1600 vict.)
501 1533 600 1588 Guelt.
621 1534 684 1592 edd.
704 1549 804 1588 omnes
822 1531 883 1586 uisi
901 1529 978 1604 quoi
996 1527 1108 1586 hostilis
1135 1540 1180 1588 ast
1205 1534 1238 1588 in

48 1620 84 1658 er.
118 1610 196 1658 astes
213 1605 241 1659 Μ
265 1645 271 1658 .
321 1605 384 1660 orb.

462 1757 655 1816 entur
689 1758 798 1815 vtlt.

101 1863 259 1928 Getarum
287 1865 419 1946 Paetus,
445 1867 569 1953 spretis
597 1867 764 1930 ominibus
791 1887 854 1930 nec
882 1863 962 1930 dnm
987 1867 1067 1930 satis
1094 1863 1236 1934 firmatis

28 1947 256 2028 hibernaculis,
288 1951 379 2012 nullo
404 1953 461 2014 rei
482 1952 727 2014 frumentariae
748 1952 899 2032 provisu,
934 1951 1027 2033 rapit
1053 1948 1236 2014 exercitum

28 2041 110 2094 trans
130 2039 280 2095 montem
301 2029 452 2097 Taurum
481 2033 721 2118 reciperandis,
752 2041 792 2095 ut
819 2033 956 2112 ferebat,
983 2029 1237 2136 Tigranocertis

28 2115 252 2199 vastandisque
278 2117 482 2204 regionibus,
516 2137 596 2202 quas
624 2115 770 2180 Corbulo
798 2118 947 2180 interae
975 2117 1150 2180 omisisset.
1194 2117 1237 2180 Et

29 2207 114 2279 capta
134 2199 297 2300 quaedam
318 2200 466 2280 castella,
496 2203 687 2288 gloriaeque
716 2207 750 2264 et
779 2137 921 2283 praeciae
950 2221 1017 2264 unu
1045 2201 1130 2262 nihil
1157 2221 1236 2286 par-

29 2288 101 2361 tum,
122 2303 153 2344 ss
175 2293 235 2345 aut
253 2284 398 2369 gloriam
420 2304 495 2354 cum
517 2283 627 2362 modo,
649 2293 708 2348 aut
729 2281 888 2368 praedam
909 2305 985 2348 cum
1000 2304 1082 2348 cura
1102 2279 1236 2357 habuis-

28 2373 81 2426 set.
123 2365 333 2451 Longinquis
361 2367 538 2430 itineribus
571 2366 810 2451 percursando,
832 2387 916 2450 quae
944 2369 1093 2434 obtineri
1121 2370 1236 2452 nequi-

28 2445 108 2526 bant,
130 2457 305 2530 corrupto,
328 2453 385 2532 qui
406 2461 522 2533 captus
543 2460 628 2526 erat,
651 2458 838 2512 commeatu
859 2459 894 2513 et
914 2453 1059 2512 instante
1077 2453 1144 2512 iam
1165 2451 1236 2514 hie-

29 2551 73 2592 me
91 2531 226 2595 reduxit
246 2536 429 2596 exercitum
450 2535 699 2616 composuitque
720 2531 765 2594 ad
785 2531 961 2597 Gaesarem
982 2533 1110 2610 literas,
1142 2537 1236 2618 quasi

30 2618 170 2678 wnlecto
192 2615 294 2694 bello,
314 2617 428 2680 verbis
450 2615 647 2703 magnificis,
669 2634 785 2678 rerum
805 2634 937 2678 vacuas.
1029 2673 1032 2680 ,

89 2737 114 2789 l.
133 2732 239 2802 spretis
257 2732 398 2788 ornins'tue
414 2733 472 2789 MS.
491 2734 574 2789 Harl.
604 2733 638 2787 in
663 2749 756 2818 marg.
781 2738 811 2786 et
834 2731 905 2786 edd·
921 2731 985 2790 Pul.
1004 2735 1029 2788 1.
1047 2731 1073 2788 2.
1090 2732 1158 2788 Ber.
1187 2733 1236 2800 (sd

30 2804 555 2934 sauna-annu
574 2821 640 2931 a
671 2804 834 2930 asta
851 2873 1236 2947 ..s

29 2949 176 3002 nentars'ae
192 2949 318 3016 prosim,
339 2951 377 3004 cf.
397 2948 433 3003 ad
451 2950 486 3003 G.
505 2951 533 3005 8.
553 2967 581 3005 ιι.
603 2952 627 3006 1.
657 2956 687 3003 et
705 2946 771 3002 lud.
790 2943 846 3001 111.
871 2925 1071 3002 r.1ids'ectiva
1099 2947 1132 3000 in
1158 2955 1235 3004 serto
1281 2961 1288 2972 ’

29 3031 87 3072 casu
104 3020 233 3074 absolute
248 3021 355 3090 posita.
390 3053 422 3065 -
449 3020 529 3088 rapit
556 3018 711 3073 exercitans
735 3051 769 3063 -
793 3018 987 3088 recuperandis
1007 3017 1235 3087 Tigranocertis,

30 3091 62 3144 et.
86 3091 120 3145 sd
137 3095 165 3158 2,
185 3095 232 3154 19,
252 3097 276 3148 l.
303 3099 332 3145 et
356 3089 419 3145 lad.
445 3090 498 3148 111.
523 3109 552 3147 r.
578 3091 722 3146 Gensnds'a
747 3090 780 3143 s'n
805 3090 909 3144 darino.
954 3091 1146 3158 reciperandie
1171 3092 1234 3146 edd.

30 3159 98 3230 lips.
117 3181 180 3235 sqq.
206 3163 407 3232 recuperandis
424 3161 482 3216 nss.
502 3161 598 3218 Guett.
619 3163 662 3218 ed.
681 3163 759 3234 spir.
778 3161 953 3230 recipiendis
970 3163 1032 3216 edd.
1053 3170 1108 3217 oet.
1134 3162 1180 3218 cf.
1199 3163 1236 3218 sd

29 3235 51 3294 l,
68 3237 109 3299 tl,
128 3239 155 3292 3.
183 3233 398 3302 Tigranocertis
416 3235 479 3288 sisa
499 3235 623 3306 Tygran.
648 3233 707 3288 MS.
735 3233 833 3288 Guelt.
858 3233 921 3288 edd.
949 3249 1048 3288 omnes
1072 3243 1103 3289 st
1128 3235 1160 3288 in
1187 3233 1235 3288 his

29 3300 86 3356 Ber.
104 3306 140 3360 ad
158 3324 245 3378 quem
264 3305 350 3362 siluit
366 3306 442 3363 vtes.
468 3305 512 3362 Gi.
532 3325 556 3364 a.
575 3308 601 3364 4.
630 3307 727 3378 ibique
745 3313 813 3360 nota
830 3309 857 3362 1.
885 3336 918 3350 -
937 3304 1064 3374 integens
1081 3305 1235 3374 natasset,

29 3389 50 3427 t.
68 3375 101 3430 sd
117 3380 145 3443 3,
163 3380 208 3444 47,
227 3381 268 3434 1.”
289 3377 376 3436 Paulo
394 3385 462 3448 post
476 3379 600 3447 praedae
617 3379 692 3432 unde
709 3374 783 3444 nitet
798 3383 913 3444 parturn
926 3375 983 3434 MS.
1004 3377 1103 3432 Guelt.

88 3449 115 3505 ².
131 3451 337 3518 percursando,
356 3465 428 3518 quae
445 3448 569 3502 attineri
586 3449 748 3520 nequibant,
776 3451 814 3502 cf.
833 3447 871 3504 ud
951 3449 1022 3505 ³23.
1048 3467 1078 3502 ιι.
1099 3453 1126 3506 1.
1154 3481 1188 3494 -·
1207 3453 1236 3502 et

29 3513 143 3574 instante
161 3521 222 3574 iarn
238 3519 328 3575 hieme
344 3519 424 3576 MSS.
444 3520 524 3576 Flor.
546 3519 632 3587 (teste
649 3521 740 3586 Vict.)
765 3519 864 3574 Gueli.
884 3522 919 3575 ed
940 3563 947 3577 .
1008 3521 1043 3578 ir.
1063 3522 1143 3592 Lips.
1166 3537 1231 3593 sqq.

29 3591 138 3714 giret.
162 3591 187 3647 i.
206 3590 233 3646 h
259 3593 324 3649 edd.
348 3599 404 3648 cet.
440 3591 529 3648 Paulo
554 3599 623 3665 post
645 3591 738 3646 sertis
760 3593 929 3662 magnificas
955 3610 971 3648 e
1012 3631 1018 3646 .
1045 3591 1126 3665 hips.
1153 3591 1233 3654 Pich.

53 3671 106 3718 mi.
1046 3685 1049 3696 ¹

482 3785 675 3845 CAPUT
717 3787 776 3847 11

98 3896 240 3962 Interim
260 3895 408 3961 Corbulo
428 3916 597 3982 nunqm
618 3898 802 3984 neglectam
822 3895 1002 3978 Euphratis
1031 3896 1141 3984 ripam
1162 3915 1234 3975 ore,

31 3975 189 4050 brionibus
208 3979 387 4064 praesidiis
408 3979 530 4044 insedit
559 3989 595 4043 et
619 3998 662 4042 ne
688 3979 785 4063 ponti
808 3978 991 4042 iuiiciendo
1018 3978 1233 4063 impedimen-

32 4067 92 4127 lmn
110 4065 249 4130 hostiles
270 4074 402 4128 turmae
420 4067 591 4142 afferrent,
613 4064 694 4144 (iam
716 4063 805 4125 euim
825 4063 983 4126 subiectis
1010 4064 1137 4147 campis
1161 4083 1232 4128 me·

31 4163 85 4228 μ’
104 4151 216 4294 '¹²⁰⁰i‘
236 4145 1233 4294 'titt-tltttttttt‘alhhelm

31 4232 418 4396 :tabqruq'tsfflquoqmw
434 4313 608 4396 barbaros,
626 4249 766 4398 iirgquiis
793 4329 873 4378 saxa
897 4251 1084 4378 athanai
1098 4249 1231 4397 ¹lonqqiilss
