2814 4792
163 187 228 252 311
446 203 448 208 ’
539 181 783 250 ANNALIUM
807 183 891 250 nlo.
914 181 1007 249 xlv.

163 355 207 410 lo.
227 349 515 406 tribunaleaetettson
531 349 652 403 ommam
668 351 805 404 eceteram
822 349 886 405 bie.
902 353 931 418 1,
949 351 993 408 st.
1012 365 1107 405 assem
1131 347 1223 404 balat
1244 365 1275 402 ea
1294 365 1346 417 spo-

163 423 215 478 liis
232 423 338 477 uestris
356 422 427 480 Sall.
446 421 515 480 hist.
535 421 591 476 lll.
610 421 676 486 (ubi
692 439 722 478 v.
739 414 835 486 (tort.)
850 430 935 492 eaput
958 428 986 476 et
1010 439 1066 475 ure
1089 421 1155 476 beili
1177 421 1237 473 liv.
1254 423 1293 486 18,
1309 423 1346 475 11.

162 489 267 560 Africo
290 511 345 547 m
367 493 579 564 provinciarum
596 493 657 548 Cic.
681 511 710 564 p.
729 494 793 570 hig.
813 497 839 548 7.
864 509 922 548 ure
934 493 1115 564 eloquentiae
1135 493 1166 546 0.
1183 496 1224 549 li.
1248 492 1347 545 similli-

76 613 79 620 .
161 581 227 620 mae
244 574 341 620 antem
355 565 499 634 palatium
516 565 580 634 ipse
597 565 714 634 insperii
730 581 785 618 ure
803 565 838 619 11.
858 569 886 633 3,
905 569 948 623 li.
969 574 999 620 et
1010 567 1142 636 temptem
1158 563 1225 618 illud
1239 563 1289 629 fuit
1303 577 1347 614 ore
1378 577 1379 586 ¹

162 636 267 692 cisium
282 637 467 706 perditores,
486 637 633 690 andellam
649 637 774 704 reeens
791 637 942 692 latrocinii
960 637 1021 690 Oio.
1039 638 1095 690 Pis.
1115 655 1140 690 e.
1157 639 1185 694 ὅ.
1218 633 1290 702 „ted
1303 650 1347 686 ure

162 723 222 762 non
240 712 360 763 omnino
377 709 550 763 absurdum:
570 727 638 763 nam
656 709 801 786 significat
819 711 907 762 etiam
925 709 1137 764 monimentum
1154 710 1184 760 in
1200 709 1347 761 memoriam

162 779 287 833 alieuius
310 779 355 836 rei
379 781 428 835 vel
454 779 582 834 bominis
627 781 746 846 ositum,
772 782 834 835 sive
860 782 902 834 sit
928 780 1001 850 lapis
1025 779 1075 834 vel
1097 797 1208 850 caespes
1240 777 1283 832 rel
1302 776 1348 830 elia

162 851 303 922 quaedam
320 853 451 916 materia,
470 860 503 904 ut
521 867 576 905 ero
625 851 681 904 liei
698 857 863 906 mneeoratu
881 851 917 908 G.
936 853 963 908 3.
989 867 1043 906 aru
1062 851 1175 905 Odooie
1195 849 1284 920 posito
1305 849 1348 912 (la-

162 924 208 992 pis
227 924 345 979 nomine
363 921 476 977 Octavii
494 923 652 994 inscriptus
671 931 701 977 et
719 926 751 976 in
769 926 942 978 memoriam
960 922 1005 976 rei
1023 932 1131 999 gestae,
1155 939 1237 994 quam
1258 920 1295 972 ibi
1309 935 1348 971 au·

162 1001 230 1047 otor
247 997 377 1066 exponit,
394 995 520 1064 positus)
547 993 626 1048 Suet.
646 994 708 1048 Oet.
735 1011 760 1048 e.
782 999 805 1052 1.
833 1011 904 1048 arae
927 991 1125 1048 Philaenorum
1148 992 1215 1050 sul.
1238 993 1250 1044 1
1287 991 1346 1044 .7o.

160 1065 286 1136 (lapides
304 1066 475 1121 terminales
493 1067 526 1119 in
543 1068 716 1120 memoriam
732 1065 841 1119 borum
857 1068 984 1120 fratrum
1001 1067 1100 1136 positi,
1120 1061 1149 1119 o‘s
1164 1065 1218 1116 veie
1230 1067 1257 1115 Φ
1280 1067 1348 1114 abne

160 1137 254 1210 βωμοὶ
272 1155 317 1210 ap.
337 1135 429 1192 Strab.
448 1153 478 1207 p.
499 1139 576 1194 119³.
595 1136 695 1208 Polyb.
717 1141 741 1193 1.
760 1154 790 1208 p.
801 1141 863 1194 too.
884 1136 962 1203 Scyl.
980 1153 1010 1205 p.
1030 1141 1076 1194 47.
1096 1137 1140 1189 lta
1157 1136 1263 1190 ileeren
1278 1133 1349 1212 ldeen

160 1206 196 1265 Τ.
215 1205 254 1266 11.
272 1225 301 1279 p.
319 1209 378 1274 61.)
413 1209 490 1262 Hine
508 1223 562 1261 aro
580 1215 711 1262 aeternae
728 1206 933 1292 doeoiautiouie
950 1213 998 1290 est·
1019 1205 1080 1258 ein
1097 1201 1265 1284 Dantmai
1280 1217 1349 1254 ewr-

160 1275 719 1417 t⁰iitttot,⁰ti0lttl·.itii
737 1291 792 1401 31?
800 1293 841 1398 :t
875 1295 923 1402 3¹1¹?
939 1275 1237 1413 ttzt‘t'i'rte
1253 1272 1349 1411 etl

161 1419 212 1474 sic
230 1435 284 1471 ura
303 1420 407 1482 legum,
431 1417 581 1480 sociorum,
604 1418 769 1471 tribunatus
794 1433 839 1486 ap.
859 1416 920 1472 (iic.
946 1416 1028 1470 Verr.
1048 1417 1120 1478 1,1.
1140 1415 1168 1480 5,
1190 1417 1231 1471 48.
1253 1430 1279 1484 p·
1300 1407 1348 1464 reb

161 1489 264 1541 insen.
276 1504 301 1541 c.
309 1490 336 1542 5.
348 1497 377 1542 et
387 1487 496 1540 similia
506 1488 582 1558 apud
595 1487 676 1542 alios.
696 1501 777 1550 amu,
787 1487 806 1539 i.
816 1505 841 1540 e.
851 1486 962 1552 arrabo,
980 1487 1101 1562 pignus,
1121 1484 1238 1539 malebat
1246 1482 1347 1552 Lipsius.
1378 1487 1379 1522 f

162 1591 196 1602 -
212 1557 370 1627 detectique
387 1558 548 1611 sacerdotes
565 1555 657 1624 speeie
675 1557 829 1624 religionis
847 1557 939 1630 omnis
956 1559 1090 1622 fortanus
1108 1556 1152 1624 (ut
1164 1555 1231 1632 Agr
1239 1557 1278 1610 31.
1294 1551 1350 1604 loon
1378 1563 1379 1620 ξ

161 1627 358 1698 fortunaeque)
377 1627 552 1694 effundebant
571 1629 603 1680 in
621 1626 745 1692 cultum,
764 1645 845 1681 sacra
869 1636 899 1683 et
925 1629 1062 1682 victimas
1080 1627 1116 1680 D.
1137 1626 1253 1681 Claudii.
1277 1621 1351 1676 meeis
1378 1633 1379 1690 j

161 1697 241 1755 MSS.
261 1698 341 1752 Flos.
363 1701 448 1765 (teste
465 1697 567 1764 Furia)
585 1697 656 1756 Bud.
677 1698 721 1753 ad.
741 1699 830 1754 Bekk.
849 1703 876 1756 1.
896 1715 990 1752 omnes
1008 1697 1176 1754 usonem
1195 1705 1222 1752 et
1239 1693 1294 1750 edd
1306 1691 1350 1744 rel·
1378 1733 1379 1748 .

54 1815 55 1820 ,
161 1801 196 1813 -
215 1769 399 1824 exscindere.-
418 1771 450 1822 in
469 1771 512 1826 ed.
532 1769 609 1840 Spir.
630 1770 770 1838 excidere,
789 1773 822 1824 in
840 1769 899 1825 MS.
920 1769 1020 1826 Gneli.
1045 1775 1076 1823 et
1098 1772 1203 1825 ceteris
1225 1767 1281 1822 edd
1304 1770 1350 1817 vet.
1378 1779 1379 1828 p

139 1860 142 1866 ·
162 1839 321 1900 excindere.
341 1873 373 1886 -
392 1841 468 1914 quod
484 1840 601 1896 ducibus
620 1841 728 1896 nostris
750 1857 852 1912 purum
871 1841 1017 1912 mousom
1040 1848 1118 1909 erat,
1142 1860 1170 1897 r.
1189 1839 1224 1894 ad
1240 1843 1280 1904 11,
1295 1839 1317 1900 ⁷,
1332 1839 1350 1888 ¹·
1378 1895 1379 1920 1

580 1980 775 2038 CAPUT
826 1983 963 2038 xxxn.

243 2073 339 2136 luter
359 2093 442 2157 quae
462 2071 555 2136 nulla
574 2074 684 2156 palam
705 2093 803 2136 causa
831 2071 1001 2156 delapsum
1027 2071 1246 2138 Camuloduni
1271 2070 1351 2132 sinu·

161 2157 291 2220 lacrum
311 2155 487 2236 Victoriae
507 2175 547 2218 ae
567 2164 662 2219 retro
689 2175 900 2230 conversum,
934 2157 1027 2240 quasi
1053 2157 1190 2220 cederet
1216 2153 1350 2223 hostibus.
1378 2161 1379 2206 ἒ

161 2239 203 2300 Et
223 2241 366 2302 feminae
386 2241 422 2300 in
443 2242 560 2312 furore
581 2240 736 2302 turbatae
757 2238 873 2304 adesse
894 2242 1032 2302 exitium
1059 2241 1238 2303 canebant.-
1265 2243 1352 2298 exter-
1378 2275 1379 2316 3

162 2341 288 2404 nosque
308 2324 462 2386 fremitus
483 2324 520 2385 in
541 2325 636 2384 curia
657 2341 774 2384 eorum
794 2321 939 2404 auditos,
962 2327 1179 2386 consonuisse
1198 2318 1352 2386 ululatibus
1378 2385 1379 2396 χ

161 2405 333 2467 theatrum
360 2408 530 2488 visamque
557 2405 700 2488 speciem
733 2407 769 2468 in
806 2409 975 2470 aestuario
1007 2405 1171 2470 Tamesae
1204 2403 1379 2467 subverse

162 2487 324 2568 coloniae,
345 2489 413 2550 iam
436 2487 604 2552 Oceanum
624 2495 765 2551 cruento
786 2497 934 2570 aspectu,
959 2487 1128 2552 di1abente
1149 2497 1241 2553 aestu
1259 2486 1352 2547 huma·
1378 2509 1379 2524 v

162 2590 285 2646 norum
306 2589 489 2655 corporum
509 2571 636 2659 effigies
658 2573 804 2649 relictas,
825 2581 865 2634 ut
885 2573 1038 2634 Britanni
1061 2569 1103 2635 ad
1125 2593 1227 2656 spem,
1252 2572 1294 2630 ita
1310 2584 1353 2627 ve·
1378 2599 1379 2638 1

162 2655 273 2716 terani
294 2651 337 2716 ad
357 2662 484 2718 metum
504 2655 693 2717 trahebant.
731 2653 797 2718 Sed
818 2657 896 2737 quia
917 2657 1035 2737 procul
1052 2655 1231 2722 Suetonius
1250 2653 1353 2722 aberat,

161 2739 354 2820 petiveras
375 2737 458 2800 Cato
479 2738 627 2800 Deciano
648 2746 869 2820 procuratore
889 2739 1062 2803 auxilium.
1107 2738 1168 2801 Ille
1193 2733 1277 2800 haud
1302 2751 1353 2793 an-

161 2821 250 2904 plius
271 2838 370 2902 quem
390 2818 551 2882 ducentos
573 2821 644 2884 sine
667 2823 765 2881 iustis
786 2822 889 2883 amnis
911 2823 1021 2897 misits
1049 2830 1084 2885 et
1111 2825 1222 2884 inerat
1247 2815 1355 2880 modica
1378 2871 1379 2902 ᾗ

159 2903 306 2966 militum
327 2921 455 2966 manus.
497 2895 623 2966 Tutela
644 2902 760 2985 templi
781 2905 861 2966 freti
889 2912 922 2966 et
944 2903 1214 2988 impedientibus,
1243 2901 1295 2986 qui
1311 2916 1355 2959 oc·
1378 2905 1379 2928 ³

160 2986 244 3048 culti
272 2985 465 3049 rebellionis
496 2987 622 3050 conscii
648 2985 788 3050 consilia
817 2986 1011 3065 turbabant,
1040 3005 1149 3070 neque
1174 2991 1288 3050 fossam
1311 2987 1356 3042 aut

160 3071 286 3134 vallum
306 3068 567 3152 praeduxerant,
588 3089 696 3151 neque
717 3073 819 3140 motis
838 3069 973 3132 senibus
1002 3077 1036 3132 et
1062 3072 1195 3134 feminis
1224 3071 1356 3130 iuventus

160 3154 233 3218 sola
254 3151 399 3215 restitit:
421 3155 514 3234 quasi
534 3150 644 3216 media
665 3171 746 3236 paee
767 3157 895 3218 incauti
916 3153 1134 3228 multitudine
1159 3153 1357 3217 barbarorum
1378 3163 1379 3168 ’

161 3237 484 3298 circumveniuntur.
513 3237 557 3299 Et
576 3243 689 3298 cetera
709 3236 842 3320 quidem
864 3239 992 3320 impetn
1013 3235 1147 3320 direpta
1167 3244 1226 3299 aut
1244 3237 1357 3295 mene
1378 3245 1379 3260 ¹

163 3325 258 3386 sunta
281 3319 452 3400 templum,
474 3321 596 3402 inquo
619 3339 654 3380 sa
675 3321 771 3384 miles
793 3320 1063 3406 conglobaverat,
1085 3319 1190 3384 biduo
1209 3318 1357 3381 obsessum

162 3409 472 3487 expugnatamque3
504 3410 538 3462 et
567 3403 680 3464 victor
699 3403 880 3464 Britannus
901 3405 1020 3466 Petilio
1042 3399 1169 3466 Ceriali
1196 3403 1299 3487 legato
1321 3397 1356 3456 le·

160 3485 269 3570 gionis
291 3501 399 3546 nonae
419 3487 456 3546 in
477 3482 662 3546 subsidium
682 3483 878 3547 adventanti
898 3483 1018 3550 obvius
1038 3485 1126 3548 indit
1146 3484 1357 3572 legionensi,
1378 3519 1379 3540 2

162 3565 253 3648 qnod
273 3564 434 3649 peditum,
465 3567 643 3631 interiecit.
687 3565 827 3632 Cerialis
849 3589 924 3632 cum
947 3570 1115 3652 equitibus
1143 3570 1248 3635 evasit
1266 3567 1299 3625 iu
1316 3579 1357 3621 ca·

161 3659 234 3714 stra
255 3660 289 3714 ot
308 3650 524 3712 munimentis
547 3645 699 3712 defensus
721 3659 779 3715 est
802 3652 875 3717 (lua
894 3647 988 3716 clade
1008 3663 1043 3716 et
1063 3651 1150 3715 odiis
1171 3647 1357 3734 provinciae,

161 3753 261 3880 ἓυῖιιίι
281 3733 427 3796 avaritia
446 3734 482 3794 in
504 3731 627 3796 bellum
646 3742 774 3824 egerat,
803 3734 955 3818 trepidus
983 3743 1186 3817 procurator
1206 3732 1301 3796 catus
1328 3728 1357 3788 in
1378 3767 1379 3816 p

194 3835 212 3878 a
242 3817 304 3882 'am
325 3815 470 3881 transiit.
1378 3821 1379 3872 t

236 3901 262 3954 1.
281 3897 361 3952 uultu
375 3898 473 3965 polum
490 3913 585 3967 coneo,
603 3915 631 3952 v.
649 3899 686 3953 ad
704 3903 749 3968 ll,
766 3901 813 3968 11,
832 3905 858 3957 1.
879 3929 911 3944 -
932 3899 1132 3972 Cunwtodvuis
1149 3901 1181 3954 in
1200 3897 1256 3954 bi&
1273 3891 1357 3951 Guali.

79 4003 81 4011 ,
161 3977 192 4024 et
208 3968 251 4024 ed.
271 3967 350 4040 Spir.
369 3971 534 4027 Uomutodi.
553 3997 587 4010 ·-
606 3973 731 4026 cederet:
756 3973 788 4025 in
814 3972 872 4030 MS.
897 3973 968 4048 ngr.
993 3981 1023 4028 et
1047 3973 1092 4028 ed.
1112 3971 1189 4056 spir.
1212 3969 1313 4024 oedere-
1331 3987 1358 4046 .-
1378 3975 1379 3978 ’

161 4039 285 4110 senione
302 4040 334 4094 in
351 4044 450 4108 furore
467 4045 600 4098 turbatae
618 4043 696 4098 MSS.
724 4051 754 4100 et
771 4045 834 4099 edd.
858 4053 917 4100 vet
943 4045 1003 4100 nisi
1026 4044 1105 4116 quod
1125 4060 1156 4096 sn
1178 4042 1310 4098 emmaum
1332 4051 1357 4084 11¹

160 4111 221 4166 MS.
240 4111 309 4191 ngr.
328 4114 349 4179 Ι.
367 4112 542 4180 insererem
559 4117 692 4170 aureatus
709 4113 772 4174 edd.
791 4115 855 4187 Rip.
873 4115 968 4171 Oberl.
993 4115 1066 4171 liin
1089 4114 1177 4171 Bekk.
1204 4131 1241 4168 ex
1258 4105 1357 4165 emend·

160 4185 274 4242 Faerni.
312 4183 393 4252 „Sed
411 4187 452 4242 ita
470 4195 565 4242 manet
582 4187 777 4257 pleonasmus,
804 4189 855 4258 qui
872 4189 1023 4260 displioet:
1048 4202 1118 4242 nam
1139 4201 1230 4239 unum
1252 4177 1379 4242 sufficlbv

163 4254 212 4312 vel
230 4256 380 4325 inperare
398 4259 447 4316 vei
465 4261 610 4326 turtotues
628 4277 681 4314 nec
692 4259 845 4331 quisquam
863 4259 1042 4340 elegantium
1058 4261 1235 4331 scriptoram
1246 4245 1356 4310 iormuh
1378 4321 1379 4324 Ἴ
