2854 4788
269 191 414 290 curor
434 223 476 288 v.
496 223 555 290 v1.
589 223 641 305 (a,
661 223 703 290 u.
724 179 857 292 eles.
880 221 917 290 c.
940 226 1008 309 es.)
1185 207 1248 300 in

33 399 66 446 ut
83 393 127 458 tt,
143 393 192 448 so.
217 391 282 446 dies
299 397 375 446 tatas
392 389 511 459 ignauia
528 389 696 446 continuare
714 391 747 446 iu
763 391 895 448 theatris.
914 393 1029 450 sedibus
1051 391 1096 453 ed.⁸
1114 397 1191 472 spir.
1211 433 1244 446 -

32 465 125 516 morbo
149 463 307 530 exitiabili,
332 463 492 530 comitiali;
522 465 593 518 Ern.
620 463 833 534 ·„Xiphilinus
858 465 931 532 dicit
954 469 999 532 63,
1024 471 1067 525 15.
1106 473 1245 542 quosdam

32 539 246 602 προσποιεῖσθαι
270 532 494 603 ἐκθνήσκειν,καὶ
515 541 618 604 νεκρῶν
647 535 726 604 ductu
756 533 785 589 ἐκ
812 542 869 589 τῶν
896 539 1019 610 θεάτρων
1048 539 1246 614 iupe‘peobm.“

37 605 140 658 Waltls.
169 639 201 650 -—
228 607 328 676 quippe
345 607 466 680 grauior
490 606 586 660 inerat
610 613 701 660 melus
725 616 780 666 cet.
818 607 866 674 „0
885 607 978 677 ludos,
998 629 1015 666 o
1034 613 1169 684 ineptias,
1195 617 1246 670 sed

33 686 165 731 cruentas
184 685 214 730 ct
232 681 343 732 tristes!
363 697 430 731 nam
447 693 526 732 mors
544 695 639 732 comes
658 685 708 730 aut
726 679 872 745 exsilium,
892 680 916 733 si
935 682 1046 750 quisse
1068 686 1146 740 niter
1163 687 1244 741 audi-

33 751 120 803 visset
138 749 253 804 scilicet
270 747 349 802 huno
366 748 521 805 Phoebum.
557 748 751 804 Philostratus
779 753 852 804 scito
875 761 979 807 narrat
1000 757 1027 820 4,
1045 703 1092 812 §9-
1127 757 1245 826 Apollo-

31 820 105 874 nium
121 822 234 874 venisse
251 819 368 874 Romam
391 827 418 874 et
443 821 473 873 in
499 817 654 889 hospitium
678 821 817 890 quoddam
839 837 892 888 per
917 821 985 878 laec
1002 833 1127 895 tempora
1146 830 1244 883 dever-

32 892 112 945 tisse.-
146 892 190 945 s'bi
214 899 304 946 autem
328 891 462 946 bominem
488 894 623 962 quendam
646 893 756 946 scenica
782 892 877 946 babitu
894 893 1034 951 citltaram
1061 906 1196 954 tenentem
1215 905 1243 954 el

28 965 197 1030 pulsantem,
220 970 381 1018 cantantem
405 965 499 1027 etiam,
530 965 580 1030 sed
604 964 673 1018 endi
696 971 722 1018 et
746 965 851 1018 absona
869 981 943 1033 voce,
970 971 1172 1038 superuenisse,
1197 971 1244 1040 qui

31 1035 130 1087 salitus
149 1041 221 1088 esset
239 1037 333 1090 urbem
351 1036 395 1089 ita
411 1036 608 1105 perambulare
625 1042 653 1100 et
672 1035 797 1090 Neronis
814 1037 942 1090 camnine
963 1039 1122 1102 cantillam.
1166 1044 1244 1098 Quae

29 1107 56 1157 si
73 1107 138 1174 quis
156 1113 205 1160 aut
221 1107 413 1175 negligentius
438 1107 563 1160 audisset
586 1114 636 1159 ant
661 1109 810 1162 mercedem
834 1109 1001 1178 condignum
1027 1128 1082 1166 non
1106 1114 1243 1180 dedisset,

30 1178 64 1229 ab
82 1195 114 1231 eo
134 1184 185 1231 tan
203 1195 269 1232 nam
286 1179 447 1248 impietatis
464 1194 530 1233 reses
548 1178 684 1233 conuiciis
705 1181 853 1248 petebatur
878 1188 926 1234 aul
948 1182 980 1236 in
1007 1199 1147 1238 carcerem
1164 1187 1244 1239 duce-

29 1250 120 1302 batur.
162 1196 302 1304 Ciordam
317 1257 464 1320 praeterea
482 1265 534 1302 usu
553 1250 683 1304 detritam
710 1256 737 1304 et
753 1253 884 1318 fractam,
911 1269 980 1322 puae
1006 1255 1038 1307 in
1062 1256 1127 1325 ipsa
1154 1257 1243 1310 Nero-

30 1321 119 1373 niana
144 1319 253 1374 eithara
277 1324 387 1389 ferisset,
417 1329 449 1375 ut
472 1322 613 1378 cimelium
636 1323 752 1393 aliquod
769 1323 801 1376 in
819 1325 917 1376 arcula
936 1327 1050 1398 ferebat
1081 1335 1163 1398 atque
1182 1345 1244 1383 eam

30 1400 149 1459 emptam
172 1393 230 1446 sibi
254 1395 363 1448 duabus
385 1394 472 1448 minis
494 1395 614 1461 ferebat,
640 1411 689 1448 nec
712 1394 839 1464 cuiquam
862 1411 950 1462 porro
977 1397 1159 1466 venditarum,
1184 1400 1244 1454 nisi

30 1465 76 1532 pei
91 1465 357 1531 praestantissimus
374 1465 406 1519 in
424 1481 457 1520 ea
475 1471 537 1519 arte
556 1473 628 1519 esset
646 1472 673 1519 et
690 1466 842 1540 aliquando
859 1463 972 1534 Pytltiis
989 1469 1109 1523 vicisset.
1147 1471 1242 1550 Atque

29 1535 116 1600 addit,
136 1535 327 1606 Apollonium
352 1538 448 1606 ipsum
477 1545 506 1590 et
524 1537 643 1590 comites
669 1537 740 1600 eius,
767 1555 857 1608 quum
875 1537 953 1592 effici
976 1554 1036 1591 non
1059 1542 1242 1608 viderentur,

30 1613 175 1659 accusatos
194 1608 228 1659 eb
248 1624 281 1661 eo
300 1616 332 1660 ut
351 1607 464 1661 diuinus
482 1608 558 1662 vocis
576 1614 787 1675 contemptores,
807 1608 856 1661 sed
874 1608 1040 1663 mercedula
1062 1618 1159 1664 umen
1177 1613 1243 1666 deta

29 1674 178 1730 hominem
196 1678 355 1748 placasse.“
372 1677 494 1746 Lipsius.
531 1681 652 1746 grauia
670 1685 839 1732 matrueles
857 1679 900 1736 ed.
922 1677 997 1749 Spir.
1028 1709 1059 1718 -
1078 1683 1174 1734 multis
1189 1698 1243 1751 pa·-
1323 1686 1326 1692 “

30 1747 86 1799 lam
102 1743 169 1802 abac
187 1756 215 1803 et
230 1749 359 1816 pluribus
377 1750 502 1817 occultis,
522 1769 551 1804 v.
570 1749 605 1804 ad
625 1755 666 1814 11,
685 1752 730 1814 22,
750 1754 775 1804 1.
796 1781 826 1792 -
849 1751 998 1804 aduersus:
1017 1752 1048 1804 in
1067 1751 1123 1805 MS.
1143 1752 1240 1808 Gueli.

29 1819 88 1871 edd.
107 1817 187 1890 Spir.
207 1819 297 1874 Bekis.
316 1824 342 1876 2.
363 1821 517 1876 aduersum.
543 1849 576 1858 -
602 1821 810 1875 dissimulatum
835 1821 1027 1889 adpraesens
1051 1823 1092 1886 (v.
1111 1823 1146 1877 ad
1165 1828 1192 1888 1,
1212 1828 1240 1890 l,

27 1891 64 1953 2.)
89 1899 118 1944 et
137 1905 200 1944 mox
218 1891 363 1945 redditum
387 1891 491 1959 odium,
519 1893 686 1962 prolatum
711 1893 779 1947 Em.
811 1893 914 1945 editum
939 1893 1033 1947 odium
1055 1891 1111 1950 MS,
1136 1895 1204 1948 Bud.
1226 1911 1256 1958 a,
1364 1927 1366 1937 ·

27 1961 564 2104 illidii?timiditas?
581 1963 671 2101 nt,
685 1961 1030 2090 ”diffiditis
1052 1965 1243 2092 cesset

31 2103 135 2156 Walllr.
164 2105 335 2174 Oppositum
352 2108 450 2176 potius
477 2106 689 2163 dissimulatum.
716 2108 762 2164 Gi.
782 2105 818 2161 ad
835 2110 863 2174 i,
881 2055 927 2175 ΒΞ,
946 2110 971 2162 2.
993 2116 1022 2162 et
1041 2111 1083 2172 14,
1101 2112 1145 2165 3³.
1165 2087 1258 2180 castr.¹

28 2173 128 2228 Odium
147 2176 295 2229 occultum
314 2178 420 2231 turtius
438 2177 578 2240 redditur,
597 2179 760 2246 emittitur3
779 2178 845 2247 Rip.
876 2213 909 2223 -
938 2179 1150 2248 Vespasianum,
1180 2187 1242 2233 tan-

27 2264 105 2314 quam
133 2263 228 2301 somno
254 2248 422 2316 conniveret,
454 2265 472 2302 a
489 2247 597 2303 Plcebo
622 2249 725 2304 liberto
749 2249 914 2320 increpitum
938 2257 993 2304 cet.
1031 2251 1119 2318 „Hoc
1147 2253 1242 2329 igitur

25 2317 191 2388 periculum
208 2317 315 2372 nomae
334 2319 414 2380 adiit,
434 2318 484 2373 sed
503 2321 600 2374 simile
618 2323 649 2374 in
668 2321 786 2389 Achaia,
817 2322 852 2376 de
879 2338 935 2392 quo
954 2320 1032 2378 Suet.
1059 2324 1141 2393 Veep.
1167 2341 1192 2380 o.
1212 2326 1240 2380 l.

24 2389 250 2458 peregrinatione
262 2388 386 2443 Acbaica
405 2391 483 2445 inter
500 2392 614 2446 comites
628 2393 762 2460 Neronis,
781 2410 859 2462 quum
879 2399 1011 2447 cantante
1030 2411 1061 2448 eo
1085 2401 1132 2446 aut
1151 2394 1241 2448 disce·
1285 2443 1291 2460 ,

26 2462 103 2516 derel
125 2468 172 2513 aut
188 2477 323 2530 praesens
341 2463 566 2526 obdormisceret,
585 2465 788 2530 gravissimam
805 2465 947 2518 contraxit
966 2467 1098 2531 offensam
1114 2464 1242 2534 probibi-

26 2540 121 2603 tuspue
138 2548 194 2585 non
212 2536 387 2588 contubernio
404 2536 486 2588 modo
504 2536 556 2588 sed
573 2535 659 2588 etiam
673 2536 785 2602 publiea
802 2536 977 2589 salutatione.
1009 2537 1111 2606 ltaque
1130 2538 1242 2607 saepius

27 2605 55 2656 iu
73 2606 130 2658 iste
148 2621 181 2657 re
199 2603 378 2660 subrusticus
397 2613 427 2660 et
443 2623 512 2660 vere
531 2605 653 2660 Sabinus
671 2606 720 2658 vir
736 2606 878 2677 peccarit.
914 2605 1037 2660 Phoebus
1060 2607 1177 2660 libertus
1194 2607 1242 2660 ad-

27 2678 197 2730 missionum
215 2677 284 2729 tuit.
310 2696 341 2729 v.
361 2675 439 2733 Suet.
459 2679 544 2748 Vesp.
566 2695 590 2730 c·
611 2679 654 2733 lt.
690 2676 734 2730 Do
757 2693 790 2730 eo
814 2676 890 2747 lapis
916 2695 962 2798 ap.
982 2675 1101 2731 Gruter.
1130 2694 1159 2746 p.
1178 2680 1241 2744 oto,

28 2749 51 2800 7.
90 2747 136 2800 Ti.
160 2747 278 2800 Claudio
297 2747 410 2818 Aug.'l.
431 2747 539 2802 Pboebo
560 2746 683 2802 Claudia
707 2745 905 2816 panalpcbis.“
952 2747 1050 2816 ipsius.
1092 2747 1241 2816 Vespasia·
1297 2777 1302 2796 .

25 2835 84 2870 mam
110 2817 167 2871 bis.
188 2818 286 2875 Guelf.
312 2821 374 2874 edd.
404 2817 481 2891 Spir.
510 2819 573 2872 Put.
595 2824 619 2875 l.
639 2823 666 2876 2.
687 2817 730 2873 cf.
760 2819 796 2873 ad
814 2817 849 2870 H.
870 2824 896 2882 1,
917 2823 939 2872 l.
975 2851 1007 2861 -
1035 2819 1143 2872 maiore
1165 2821 1241 2886 [alo.-

26 2892 168 2955 „uidetur
186 2891 347 2959 respexisse
366 2891 402 2944 ed
420 2891 515 2962 poetis
534 2891 639 2943 iactata
659 2891 719 2956 lala
736 2907 848 2958 magna,
873 2889 983 2944 maiora
1001 2887 1036 2944 de
1061 2890 1165 2961 quibus
1192 2906 1240 2944 co-

25 2963 104 3030 piose
122 2961 217 3014 Bentl.
237 2961 272 3014 ad
290 2961 391 3018 Horat.
411 2977 457 3032 ep.
476 2965 504 3028 2,
523 2965 549 3024 1,
569 2964 595 3018 6.
634 2960 756 3016 Sensus:
784 2963 851 3062 puis
869 2961 1025 3016 maioribus
1049 2961 1134 3014 rebus
1152 2959 1241 3015 desti·

25 3041 109 3086 natus
129 3039 193 3087 erat
211 3049 266 3086 nec
284 3041 382 3102 posset
400 3033 469 3088 adeo
487 3051 504 3087 a
521 3032 637 3088 Nerone
655 3032 784 3106 perimi.‘
814 3034 883 3089 lira.
904 3033 949 3089 Cf·
969 3033 1005 3087 ab
1023 3035 1051 3098 o,
1068 3035 1113 3100 ll,
1134 3037 1158 3087 1.
1185 3047 1241 3086 ma·

26 3105 86 3158 iore
105 3105 185 3170 facto
203 3103 248 3158 ed.
267 3101 344 3176 Spir.

176 3233 186 3262 s
210 3223 215 3252 t
258 3211 261 3220 ’
420 3237 423 3246 ·
493 3209 515 3266 G
533 3212 558 3266 A
575 3211 596 3265 P
613 3211 642 3268 U
658 3210 684 3264 Τ
719 3212 777 3270 vl.

107 3317 187 3380 Post
217 3318 316 3384 finem
343 3317 469 3382 ludicri
496 3319 648 3402 Poppaea
677 3327 819 3384 mortem
846 3319 931 3382 obiit
957 3319 1098 3381 fortuite
1126 3318 1240 3380 mariti

25 3399 209 3480 iracundie,
241 3421 350 3485 equo
379 3401 519 3490 gravide
547 3407 618 3465 ictu
638 3403 735 3464 calcis
766 3405 889 3465 efflicte
911 3410 970 3465 est.
1013 3401 1129 3546 Nepae
1151 3403 1240 3464 enim

24 3503 188 3546 uenenum
217 3484 430 3564 crediderim,
464 3487 612 3568 quemvis
642 3485 775 3568 quidem
802 3487 983 3568 scriptores
1005 3493 1059 3547 tra
1083 3483 1240 3546 untedio

23 3571 254 3654 magisquem
276 3589 316 3631 ex
336 3569 418 3632 fides·
439 3571 560 3651 quippe
579 3569 766 3632 liberorum
785 3572 920 3652 cupiens
941 3577 976 3630 et
996 3570 1104 3629 emori
1125 3568 1240 3630 uxoris

24 3651 186 3712 obnoxius
216 3660 299 3716 eret.
342 3651 473 3732 Corpus
505 3671 572 3713 non
600 3653 672 3740 igni
701 3653 873 3726 abolitum,
904 3659 943 3714 ut
968 3649 1135 3738 Romanus
1156 3670 1240 3728 mos,

24 3732 80 3795 sed
105 3751 221 3818 regum
243 3743 459 3797 externorum
480 3733 721 3802 consuetudine
747 3733 918 3796 differtum
944 3732 1101 3797 edoribus
1128 3731 1241 3796 condi-

25 3823 80 3878 tur
101 3817 294 3900 tumuloque
315 3818 478 3880 luliorum
498 3820 656 3882 infertur.
698 3819 827 3880 Duoteo
848 3827 958 3879 temen
978 3817 1131 3900 publicae
1152 3835 1240 3879 exso-

26 3902 134 3980 quiae,
171 3900 385 3986 laudavitque
422 3903 494 3983 ipse
528 3900 617 3983 apud
652 3908 764 3962 rostra
799 3903 939 3962 formam
977 3902 1048 3961 eius
1081 3907 1114 3961 et
1153 3898 1240 3981 quod

25 3981 158 4044 diuinae
188 3985 324 4046 intentis
362 4004 480 4076 parens
505 3986 633 4064 fuisset,
667 3985 796 4066 aliaque
824 3986 979 4046 fortunae
1004 4001 1145 4044 munere
1177 4001 1239 4064 pru

25 4066 219 4130 virtutibus.
579 4076 584 4087 ”
917 4143 918 4151 ¹
1215 4119 1219 4130 .

94 4171 120 4222 1.
140 4165 265 4234 Ρυρροια
283 4165 388 4222 Sabina
405 4173 511 4220 mortem
528 4164 598 4219 obiit
616 4165 731 4231 fortuita
748 4163 841 4219 mariti
857 4166 1002 4220 iracundia
1020 4174 1075 4220 oet.
1101 4167 1140 4218 ci.
1159 4165 1238 4222 Suet.

24 4237 88 4291 Ner.
109 4253 135 4293 c.
154 4241 199 4295 ³5.
232 4238 282 4292 ubi
312 4240 399 4293 etiam
430 4241 515 4293 oeusa
547 4236 634 4291 huius
662 4239 827 4292 iracundiae
852 4246 1040 4293 memoratur.
1085 4235 1238 4302 iracundia,

24 4318 145 4382 propter
164 4326 235 4364 eam.
263 4311 301 4366 ci.
320 4309 384 4366 lud.
405 4310 458 4368 111.
486 4329 515 4367 r.
534 4307 662 4364 Attalici
685 4309 908 4364 substantivorum
930 4307 1059 4362 maluti.
1080 4335 1112 4347 -
1149 4325 1167 4360 u
1190 4325 1240 4377 quo
