2872 4786
1078 57 1084 88 l

175 221 187 239 =
252 161 416 280 ‘scarae
436 213 546 280 rnen
569 215 695 312 §aava
728 216 917 298 (arnan.
939 217 978 286 a,
991 216 1107 301 ess.)
1195 219 1302 290 ‘ms

82 381 134 436 ubi
153 396 240 436 error
255 379 406 452 perfacilis
423 379 513 436 ruitt‘
534 381 641 438 Waltts.
676 381 764 436 Paulo
781 389 849 455 post
872 383 959 438 etiam
981 383 1073 454 ipsum
1089 383 1226 438 Neronem
1242 381 1301 438 MS.

83 451 187 506 Guelf.
208 460 238 507 et
252 453 412 521 momoveri
429 453 471 510 ed.
490 450 567 525 Spin.
588 488 619 500 -
638 454 690 509 Sin
708 455 872 510 crudelitati
889 456 1031 509 insisteret
1050 454 1126 510 MSS.
1144 455 1223 509 Flor.
1246 456 1301 525 (tc-

82 533 128 578 ste
147 523 240 590 Pich.)
258 523 340 580 Harl.
359 524 441 578 Bodl.
463 526 517 580 les.
537 525 607 584 liud.
628 526 726 581 Gaelf.
745 527 809 581 edd.
828 528 889 584 sut.
910 533 935 584 l.
956 531 981 584 2·
1000 527 1065 584 Ber.
1091 526 1243 596 (adquam
1262 527 1302 584 si-

80 595 142 648 luit
159 595 248 662 Vict.)
272 594 362 651 liban.
384 601 409 652 1.
433 595 513 650 Picis.
534 615 597 668 sqq.
625 596 670 651 Gi.
696 597 731 651 ad
749 600 776 662 2,
795 601 839 663 21,
858 601 885 654 2.
913 599 988 652 siin
1007 599 1167 652 crudelitati
1187 599 1240 652 ins·
1268 599 1301 653 in

82 665 142 723 MS.
160 666 241 722 Flor.
261 667 336 742 legit
353 667 410 724 iac.
429 669 602 726 Gronovius.
630 670 657 723 si
674 669 868 731 incredulitati
884 671 938 724 ins.
956 669 1014 726 MS.
1033 671 1075 724 Re
1096 707 1103 721 .
1124 669 1159 724 ed
1176 670 1254 740 Spin.
1274 671 1303 724 si

81 739 116 791 in
141 736 337 793 incredulitate
363 739 418 793 ins.
444 737 500 794 MS.
529 739 613 797 Cos-b.
638 742 684 794 sin
703 741 864 794 crudelitati
883 737 1053 810 persisteret
1109 739 1137 794 S.
1156 741 1226 796 But.
1255 741 1303 796 ein

81 809 240 862 crudelitas
255 809 425 878 persisteret
444 810 508 865 edd.
527 809 619 866 Rhea.
637 815 663 868 2
682 813 709 867 ³.
728 809 794 864 Ald.
813 813 891 883 lips.
911 813 997 867 urus.
1020 841 1052 852 -
1071 811 1183 878 bonesti
1199 812 1301 880 emtus,

81 898 111 934 r.
131 880 168 934 ad
185 883 213 948 2,
231 882 277 1004 lll,
297 887 321 937 1.
341 915 375 928 -
394 883 429 936 ab
448 881 564 950 ignauia
577 900 632 956 per
649 882 797 938 silentium
810 882 998 952 pereuntium,
1022 884 1064 940 ita
1090 891 1124 938 ut
1151 879 1188 940 de
1205 891 1303 940 morte

83 967 187 1006 eoram
205 951 230 1006 si
246 959 335 1007 estur.

508 1094 698 1152 CAPUT
751 1097 875 1158 xxvl.

165 1199 304 1282 Contra,
326 1203 384 1287 qui
405 1204 645 1287 opperiendam
666 1203 756 1268 domi
776 1207 965 1287 censebant,
992 1204 1032 1268 ds
1057 1205 1131 1290 ipso
1151 1203 1303 1270 Thrasea
1402 1194 1406 1213 ²

83 1282 216 1348 eademi
243 1286 301 1350 sed
320 1285 463 1350 ludibria
484 1297 525 1350 ct·
538 1289 743 1354 contumeliae
764 1291 930 1354 imminere.
973 1287 1189 1370 Subtpalscrct
1207 1309 1304 1354 aures

84 1372 240 1435 conuiciis
268 1378 300 1432 et
329 1367 471 1450 probris.
520 1372 596 1437 Non
622 1372 721 1435 salum
750 1371 974 1438 Cossutianum
1008 1383 1065 1436 aut
1092 1373 1228 1455 Eprium
1260 1373 1305 1438 ad

82 1453 190 1516 scetus
207 1463 388 1535 promptam
414 1474 588 1536 superesse,
612 1461 669 1538 qui
690 1456 833 1535 forsitan
854 1475 963 1520 manus
984 1459 1131 1538 ictusque
1154 1476 1213 1537 per
1244 1457 1302 1520 im·

80 1541 266 1602 manitatem
293 1541 427 1620 augusti
448 1539 491 1566 **
519 1543 614 1602 ctiam
643 1539 743 1603 bonos
768 1549 851 1602 metu
876 1541 976 1624 sequi.
1018 1537 1218 1604 Detralerst
1242 1560 1303 1621 po-

82 1624 151 1684 tius
172 1625 311 1699 senatui,
341 1641 429 1704 quem
447 1623 696 1708 perornavisset,
726 1623 890 1702 infamiam
920 1623 1006 1686 tanti
1026 1625 1165 1706 fiagitii,
1199 1637 1232 1686 et
1254 1644 1320 1686 re·-

81 1703 243 1786 linqueret
263 1708 429 1784 incertum,
451 1707 539 1787 quid,
562 1709 631 1768 viso
656 1704 800 1771 Thrasea
822 1726 887 1784 reo,
909 1707 1070 1770 decreturi
1090 1705 1209 1770 Patres
1229 1705 1303 1786 fuc-

81 1791 161 1849 rint.
209 1787 253 1852 Ut
273 1789 427 1850 Neronem
448 1791 649 1872 flagitiorum
668 1791 775 1871 pudor
797 1799 935 1872 caperet,
956 1792 1055 1854 irrita
1076 1809 1133 1872 spe
1162 1791 1302 1872 agitari,

80 1869 242 1953 multoque
260 1875 365 1954 magis
389 1874 560 1944 timendum,
581 1893 621 1935 ne
641 1876 676 1936 in
698 1869 872 1958 coniugem,
894 1875 929 1936 in
949 1873 1114 1954 familiam,
1137 1874 1172 1937 in
1194 1883 1302 1936 cetera

77 1957 222 2038 pignera
252 1957 319 2018 dus
340 1959 489 2018 saeviret.
530 1953 675 2020 Proinde
699 1959 916 2036 intemeratus,
945 1957 1139 2037 impollutus,
1167 1975 1312 2040 quarum*

80 2041 233 2120 vestigiis
263 2049 296 2100 et
322 2039 443 2102 studiis
470 2041 567 2102 vitam
593 2041 735 2118 duxerit,
770 2059 875 2104 eorum
897 2038 1010 2123 'glarea
1041 2047 1166 2122 peteret
1196 2041 1302 2126 finem.

79 2121 209 2185 Aderat
230 2123 369 2184 consilio
392 2123 548 2184 Rusticus
570 2124 736 2186 Arulenus
756 2125 901 2211 flagrans
921 2125 1065 2202 iuvenis,
1088 2133 1121 2188 et
1142 2122 1304 2208 cupidine

79 2203 190 2267 landis
213 2205 383 2285 offerebat,
405 2225 441 2266 se
462 2205 724 2269 intercessurum
745 2216 878 2269 senatus
909 2209 1080 2284 consultos
1111 2226 1188 2269 nam
1210 2207 1303 2290 plebi

79 2288 240 2350 tribunus
262 2297 343 2350 erat.
387 2285 546 2351 Cohibuit
567 2292 707 2373 spiritus
731 2291 801 2352 eius
823 2289 986 2365 Thrasea,
1020 2309 1059 2352 nc
1080 2309 1164 2352 vana
1192 2299 1224 2352 et
1246 2309 1301 2352 reo

79 2391 147 2433 non
163 2370 354 2451 profutura,
377 2373 582 2436 intercessori
603 2375 742 2436 exitiosa
763 2373 927 2452 inciperet.
969 2371 1048 2438 Sibi
1075 2383 1178 2436 actam
1208 2381 1302 2436 aeta·

81 2463 196 2517 temet
219 2463 267 2516 tot
286 2473 346 2535 per
366 2473 467 2518 annos
490 2459 671 2519 continuum
703 2459 791 2519 uitae
817 2455 957 2518 ordinem
985 2475 1050 2518 non
1079 2456 1298 2520 deserendum:

78 2538 133 2602 illi
161 2537 288 2602 initium
315 2540 560 2619 magistratuum
592 2549 623 2600 et
653 2540 802 2620 integra,
834 2557 916 2619 quae
941 2541 1114 2616 supersint.
1162 2540 1302 2604 Multum

79 2629 158 2684 ante
178 2640 281 2684 secum
302 2622 503 2702 expenderet,
524 2622 611 2705 qnod
632 2621 693 2684 tali
724 2625 760 2684 in
781 2629 918 2702 tempore
939 2622 1149 2700 capessundae
1172 2625 1219 2685 rei
1239 2642 1300 2703 pu-

80 2705 185 2769 blicae
205 2707 269 2769 iter
286 2705 520 2786 ingrederetur.
563 2703 721 2769 Ceterum
752 2707 835 2787 ipsc,
862 2723 905 2764 an
933 2705 1052 2768 venire
1080 2705 1117 2766 in
1146 2716 1300 2768 senatum

80 2788 228 2865 deceret,
250 2787 461 2851 meditationi
483 2807 561 2852 suae
582 2788 731 2868 reliquit.
842 2833 844 2836 ψ

153 2876 178 2928 1.
198 2871 395 2940 opperiendum
413 2870 505 2924 danti.-
524 2871 555 2924 in
573 2869 631 2924 MS.
651 2871 723 2924 aus.
743 2865 941 2938 opperiendum
958 2884 1018 2922 ettm
1035 2867 1118 2926 domi.
1139 2901 1172 2912 -
1189 2869 1223 2924 de
1235 2869 1299 2938 ipsa

80 2941 209 2998 Tlsraeea
228 2943 347 3012 eiusque
365 2948 529 2996 constantia
546 2943 642 2995 eadem
661 2959 699 2998 sc.
720 2941 852 2996 dicabant
871 2957 944 3010 quae
962 2939 1015 2993 alii
1034 2959 1066 2994 ca
1089 2941 1154 2998 45.
1175 2940 1220 2995 Cf.
1235 2939 1299 3000 Ind.

76 3017 135 3070 ΙΙΙ.
155 3034 183 3071 v.
203 3012 327 3080 Ellipses
345 3031 391 3067 nr.
409 3015 435 3070 5.
462 3011 536 3066 nibil
553 3014 588 3067 de
605 3014 667 3082 ipso
688 3011 812 3066 Thrasea
829 3008 887 3066 MS.
912 3012 982 3086 Agr.
1010 3019 1039 3065 ei
1063 2959 1166 3066 deinde
1191 3013 1300 3065 subtra-

77 3087 146 3140 here
163 3084 222 3142 MS.
243 3085 339 3140 Guelf.
360 3092 389 3138 et
407 3085 450 3140 ed.
472 3083 549 3154 Spir.
573 3113 606 3124 -
627 3085 676 3154 qui
692 3085 818 3170 farsitum
835 3099 931 3137 manue
948 3083 1072 3154 ictusque
1093 3099 1145 3153 per
1168 3083 1300 3138 immani·
1369 3117 1371 3122 ·

76 3165 170 3213 tatem
187 3155 302 3224 auperti
320 3171 417 3210 omnes
437 3163 466 3211 et
484 3153 558 3209 MSS.
577 3163 696 3225 praeter
712 3154 798 3208 illam
816 3156 886 3240 Agr.
907 3163 937 3208 et
954 3154 1017 3209 edd.
1038 3161 1096 3210 vet.
1117 3155 1203 3226 quod,
1229 3157 1300 3226 quia

75 3229 160 3285 nihil
176 3244 231 3300 pro
249 3233 329 3282 certo
348 3226 407 3280 dici
425 3237 531 3298 potest,
550 3235 726 3284 revocarunt
743 3225 834 3282 Bekk.
854 3244 887 3279 sn
905 3223 947 3280 ed.
962 3229 988 3282 2.
1008 3233 1038 3280 et
1054 3225 1160 3288 uittas.
1179 3225 1230 3281 liic
1246 3245 1298 3282 au·

77 3311 140 3356 tem
167 3300 287 3354 adiectis
315 3300 472 3364 asteriscis,
499 3307 532 3351 ut
558 3298 646 3352 verba
669 3297 789 3352 bominis
807 3297 893 3350 uultui
916 3297 1091 3352 intenderent
1114 3297 1164 3351 vel
1189 3298 1300 3352 similia

78 3372 251 3427 exciderint.
289 3368 323 3423 ld
342 3370 446 3423 saltem
463 3368 642 3440 probabilius
662 3377 716 3434 est,
735 3386 821 3440 quam
840 3367 917 3440 quod
927 3367 1099 3434 Salinerius,
1117 3367 1247 3440 Ryckius
1268 3377 1298 3425 et

77 3444 181 3498 Hiller
198 3457 304 3498 racem.
325 3443 368 3498 18.
389 3440 446 3493 sibi
463 3449 676 3513 persuaserant,
695 3457 802 3510 nempe
818 3438 881 3492 inl.
899 3433 1092 3508 ἀποσιώπησιν
1111 3458 1174 3496 esso
1192 3449 1222 3496 et
1238 3441 1298 3496 Nc·

77 3531 184 3570 nonem
208 3513 267 3566 dici
285 3517 450 3581 Augustum,
474 3521 509 3566 ut
526 3531 570 3584 ap·
590 3511 669 3566 Suet.
695 3512 766 3565 Nar.
786 3529 811 3567 e.
831 3513 874 3568 46.
913 3510 948 3564 In
971 3511 1028 3566 MS.
1052 3509 1123 3586 Agr.
1154 3514 1298 3584 scriptum

74 3603 129 3657 per
147 3585 352 3640 immanitatem
358 3584 657 3651 Augisstiintentarent
669 3592 698 3637 et
715 3584 748 3636 in
757 3601 849 3659 marg.
859 3599 911 3651 per
919 3584 1031 3639 imman.
1050 3585 1229 3652 ingererent:
1249 3584 1299 3639 sed

77 3661 111 3712 in
128 3658 186 3711 hae
204 3657 303 3711 codice
321 3657 491 3710 innumerae
509 3657 699 3728 reperiantur
717 3656 901 3709 coniecturae
919 3664 949 3710 et
986 3655 1088 3710 lassae.
1126 3656 1169 3709 lta
1197 3656 1298 3710 etalii

76 3733 191 3784 trustra
200 3727 231 3781 h.
243 3728 264 3780 1.
275 3729 305 3781 in
330 3727 394 3781 enio
405 3728 598 3782 indulserant.
617 3729 672 3782 Pro
682 3727 798 3796 augusti
808 3725 929 3780 Grotius
942 3745 975 3778 su
994 3726 1173 3782 stituendum
1184 3727 1300 3781 censuit

76 3803 222 3866 auderent,
240 3747 425 3853 Boxffarnius
444 3799 553 3865 numni,
571 3799 660 3868 (qaod
678 3806 829 3870 receptum
848 3805 892 3851 est
909 3797 942 3850 ab
961 3796 1055 3854 Obarl.
1080 3796 1172 3852 Bekis
1196 3799 1228 3850 ia
1253 3796 1297 3854 ed.

77 3879 104 3929 Ι·
124 3875 245 3926 Liinem.
266 3871 371 3926 Kiessl.
390 3871 518 3934 walth,
536 3878 570 3923 ut
588 3867 663 3923 illud
680 3888 697 3922 a
715 3869 890 3939 Bipontinis)
909 3868 1055 3922 Acidaliae
1073 3869 1169 3921 ausim
1187 3867 1235 3922 vel
1246 3883 1298 3930 att,-

77 3945 144 4000 ruri
162 3945 227 3997 sint.
263 3943 380 4014 Lipsius
398 3941 527 3996 coniecit
544 3942 667 4012 ictusque
692 3947 802 4009 parent.
839 3941 1048 3994 immanitatem
1064 3939 1188 4006 Augusti
1214 3941 1299 3992 etiam
1318 3982 1331 3996 ..

77 4019 163 4071 bonas
181 4013 273 4084 sequi.
298 4047 331 4058 -
356 4010 525 4067 Detraberet
540 4013 637 4082 patius
661 4012 782 4079 scamni,
805 4028 883 4082 quem
903 4011 1122 4082 perornavisset,
1148 4010 1299 4076 infamiam

78 4087 160 4142 lanii
176 4087 295 4154 flagitii,
314 4084 377 4139 scil·
395 4095 489 4139 morte
507 4083 675 4138 voluntaria
691 4091 757 4138 ante
776 4083 1000 4148 damnationem,
1026 4099 1098 4155 quac
1116 4079 1300 4135 hauddubie

77 4162 130 4227 sit,
150 4158 304 4214 subeunda.
343 4155 491 4210 detrahere
515 4155 560 4210 aa.
580 4153 660 4228 Spir.
697 4155 765 4208 Post
788 4172 868 4224 quan
894 4155 1021 4210 additum
1051 4154 1154 4207 totiens
1181 4153 1215 4206 in
1239 4150 1298 4206 MS.

76 4232 149 4310 Agr.
168 4231 289 4302 punctis
307 4236 403 4285 tamen
429 4228 575 4286 subiectis.
612 4243 719 4296 reaper
743 4229 899 4282 amavisset
922 4226 1080 4304 leg-endum
1104 4223 1224 4298 putabat
1248 4223 1299 4278 ts·

1027 4369 1098 4436 32*
