2872 4786
171 223 236 298 492
434 267 437 274 ,
544 225 792 297 ANNALIUM
825 227 908 296 LIB.
930 229 1023 300 XVI.

173 389 299 464 fluitque.
334 393 461 450 omino
484 391 690 454 vasissent.
718 373 778 454 nou
802 403 845 452 est
868 399 941 464 estis
964 405 1099 456 construe
1124 401 1156 454 iu
1180 403 1391 473 temporibus.“

71 473 81 494 ⁸
173 463 244 521 Era.
265 463 345 530 „set
362 468 488 520 soristus
505 481 634 534 egressus
651 475 694 522 est
713 470 784 524 bens
804 487 835 524 se
852 467 951 538 hebet,
969 480 1004 524 ut
1016 487 1085 526 mox
1095 473 1202 526 censuit
1214 474 1390 546 obtinuitque

174 541 240 618 611,
258 538 302 594 bb,
322 538 447 606 scripsit,
457 539 485 602 1,
494 539 538 594 tt.
558 539 713 606 transtulit,
724 543 751 606 6,
758 543 784 596 9.
802 541 947 610 patefecit,
958 545 987 610 6,
999 545 1045 598 bb.
1063 543 1264 614 imposuit,12,
1279 549 1326 604 ³1.
1346 565 1390 600 re-

173 612 318 662 sisterunt.
339 607 420 676 Quod
432 607 550 662 Tacitus
567 611 635 664 dein
647 612 765 683 scripsit
780 612 960 680 praebuerat,
978 621 1059 668 recte
1076 616 1163 668 iecit:
1183 633 1250 669 uam
1264 615 1390 671 hocnon

172 685 289 760 poterat
301 681 417 733 namuri
431 689 634 750 uuquam-res
652 690 734 736 certo
794 683 1020 755 odemtempora
1038 686 1131 752 tacta3
1157 686 1248 741 imino
1262 686 1390 743 Thrasea

174 755 215 802 sta
235 765 264 804 se
282 759 420 826 gessem
439 759 472 805 ut
489 769 592 822 perum
611 699 823 824 expeenbffdm
842 771 958 824 operam
976 756 1138 826 praeberet,
1156 758 1207 812 rel
1226 758 1297 812 talis
1316 769 1389 824 erat,

173 820 225 888 qui
235 836 297 875 aaut
312 822 500 891 prsabuisset.
521 823 611 890 Quem
626 825 764 878 eximiam
778 823 874 880 Taciti
892 827 925 880 iu
943 827 1095 882 scribendo
1114 845 1213 882 cursus
1231 847 1389 900 perperam

172 889 398 947 inconstantiam
415 893 551 948 nonnulli
569 896 704 953 vocant.“
724 895 831 956 Waltb.
868 899 1011 964 referetur
1033 898 1091 956 MS.
1116 899 1216 954 Gueli.
1241 901 1304 956 edd.
1325 903 1387 955 Put.

174 964 198 1016 1.
217 964 243 1020 9.
268 965 470 1029 terreturiis.
490 966 569 1020 Flor.
598 973 673 1022 teste
691 968 781 1022 Furia
799 976 829 1024 et
846 967 892 1022 ed.
911 967 988 1040 Spir.
1014 1001 1048 1014 --
1067 969 1241 1026 iuvenalium
1265 973 1388 1038 ludicro,

172 1031 207 1086 de
226 1049 283 1103 quo
301 1052 330 1088 r.
351 1040 393 1101 14,
414 1040 456 1093 16.
476 1069 508 1080 -
516 1053 620 1105 parans
638 1039 848 1107 exspectabilem
866 1057 990 1110 operann
1008 1040 1037 1095 h.
1054 1057 1078 1097 c.
1099 1042 1312 1112 exspectationi
1330 1062 1389 1098 uon

171 1104 513 1234 1119919111.
541 1109 1158 1238 iiiiiibldlfii‘niff'iiissci‘i'
1190 1114 1289 1236 ΜΣ·
1315 1115 1389 1239 2⁶·

171 1219 256 1300 bilebn
281 1245 324 1304 ad.
344 1218 422 1318 Spin
449 1217 629 1320 speciabilem
646 1255 672 1306 Μ
696 1252 795 1378 ΑΕ.
824 1201 1089 1322 οτριΙίΜΙιηιοΜῦ.
1108 1199 1388 1312 dudffltd‘fthez.

170 1319 197 1374 ².
217 1321 243 1374 3.
264 1327 294 1372 et
316 1318 383 1372 dein
407 1337 507 1375 omues
537 1330 654 1392 praeter
677 1324 751 1381 wal
788 1362 795 1377 .
832 1325 915 1389 „Per
943 1324 1108 1402 analogiam
1133 1327 1335 1394 exspectabitis
1360 1337 1391 1383 et
1431 1361 1432 1384 .

171 1389 334 1456 expetibilis
350 1391 416 1461 puri
435 1400 503 1446 sunt
520 1392 592 1459 fidet
616 1401 753 1448 neutrum
779 1394 856 1466 epud
879 1396 1037 1465 scriptores
1060 1404 1128 1451 aute
1145 1395 1242 1452 Taciti
1266 1407 1390 1453 aetatu

170 1457 293 1535 legitur.
320 1459 373 1514 *Ea
391 1469 489 1516 tamea
508 1479 566 1524 ucu
585 1472 629 1518 est
647 1466 805 1520 auctoritas
824 1464 882 1522 MS.
900 1467 982 1532 Bud,
1004 1474 1038 1520 ut
1056 1475 1223 1521 ceterorum
1243 1469 1391 1522 librorum

3 1555 4 1562 κ
112 1573 120 1580 .
162 1531 318 1602 ,scriptura
342 1531 424 1587 illius
447 1535 546 1588 verbis
569 1535 679 1588 cedat.“
705 1533 811 1592 Went.
849 1533 979 1605 „Aptior
998 1539 1106 1588 'umen
1129 1532 1160 1586 h.
1173 1533 1195 1587 l.
1224 1545 1269 1590 cst
1299 1536 1390 1590 lectio

169 1601 228 1678 116.
248 1602 320 1660 uua.
345 1603 516 1672 Eapetibilis
535 1621 622 1676 cpcts
641 1613 693 1674 est,
718 1606 833 1676 qudem
852 1607 931 1660 Naro
950 1605 1080 1675 sociique
1099 1604 1228 1672 e'rpetere
1255 1607 1318 1661 sire
1341 1625 1392 1660 eu-

170 1681 272 1742 aptare
288 1683 435 1745 poterant,
454 1677 662 1745 exspectabitis,
682 1677 798 1748 qualem
817 1683 982 1746 exspectare
1000 1685 1148 1747 poterant.
1185 1676 1241 1731 Sed
1263 1677 1313 1732 vel
1341 1679 1391 1731 illi

169 1744 250 1798 nihil
268 1763 318 1800 eus
339 1753 437 1802 actura
453 1755 599 1818 poterant,
625 1765 682 1820 quo
704 1750 754 1801 vir
780 1748 978 1802 sanctissimus
1003 1763 1119 1802 morum
1142 1748 1249 1802 famam
1277 1749 1323 1802 sui
1341 1749 1392 1804 de-
1431 1765 1432 1770 ¹

147 1814 292 1881 ‚honam
323 1818 380 1873 et.“
403 1817 508 1876 liitter.
546 1820 667 1886 „immo
687 1837 787 1874 sensus
807 1827 865 1872 est:
891 1833 1003 1888 parum,
1025 1833 1097 1882 uon,
1125 1817 1217 1886 (uti,
1237 1823 1280 1877 19.
1306 1821 1343 1876 Η,
1364 1825 1392 1885 4,

146 1913 150 1921 ·
170 1889 215 1942 66.
235 1891 291 1952 68.)
308 1891 478 1956 praebuerat
496 1907 610 1960 operam
628 1891 850 1960 exspectabilem,
868 1888 898 1944 h.
915 1907 940 1946 e.
960 1897 1167 1960 exspectatam,
1186 1889 1225 1942 ib.
1244 1891 1293 1962 qd.
1314 1893 1392 1962 apud

147 1957 283 2044 ‚xiphit
302 1963 348 2028 bl,
367 1965 413 2020 tt.
425 1963 496 2050 'obre
514 1961 671 2050 turbellam
690 1959 785 2026 οὐδὲν,
813 1961 971 2048 Germuer
988 1960 1089 2014 hatte
1106 1960 1236 2046 niclits
1254 1977 1392 2039 vorge·

170 2031 1392 2182 a:restet,1¹¹:2tsnztna‘1a2t0:emenstzitta

170 2189 268 2242 neque
286 2173 508 2233 declamarent.
545 2176 695 2232 Adiectire
720 2177 752 2228 in
775 2176 844 2228 bilis
869 2176 1026 2228 tenninats
1051 2183 1135 2246 saepe
1159 2185 1312 2244 ponuntur
1334 2193 1391 2247 pro

170 2244 339 2316 participiis
357 2263 451 2317 praes.
472 2254 501 2299 et
519 2249 596 2316 perf.
620 2255 680 2299 tam
704 2246 810 2300 activis
827 2263 914 2317 quem
932 2247 1064 2325 passivis,
1094 2253 1124 2300 ct
1140 2261 1197 2316 pro
1221 2245 1390 2312 hisatium,
1431 2259 1432 2264 ’

172 2315 198 2367 ai
216 2317 341 2368 tonnats
359 2325 426 2370 eunt
444 2335 461 2372 a
478 2318 585 2383 verbis,
605 2335 677 2388 quiue
697 2326 797 2371 carent
813 2317 980 2388 participiis
1005 2324 1101 2388 praet.
1142 2333 1194 2370 ass·
1231 2317 1281 2372 Sic
1298 2321 1327 2386 6,
1347 2323 1391 2374 tc

171 2386 355 2452 intestabilis,
374 2389 475 2442 Germ.
494 2387 780 2455 verebscheuet,
799 2389 844 2455 (ut
863 2387 1042 2442 detestabilis
1060 2405 1104 2458 ap.
1117 2334 1195 2444 Euat.
1211 2388 1275 2445 Tib.
1297 2390 1391 2455 ott.)

171 2461 215 2522 lt,
242 2459 286 2512 67.
320 2458 397 2512 cibus
421 2458 601 2525 delectabilis,
629 2475 686 2530 quo
714 2461 780 2530 quis
802 2459 972 2524 delectetur,
1009 2467 1143 2512 nostrum
1169 2460 1392 2537 Lieblings-
1431 2493 1432 2502 ÷

171 2529 309 2616 spaise,
329 2531 365 2583 ll.
385 2533 416 2594 2,
435 2533 478 2615 76.
499 2530 708 2632 elfsidmabilis,
756 2531 787 2583 ui
811 2530 1000 2616 desideratur,
1029 2529 1128 2586 Germ.
1156 2527 1222 2584 der
1248 2531 1392 2585 surtick

170 2601 524 2744 creatos
542 2600 1392 2742 ,cm

169 2743 214 2801 69.
244 2775 276 2787 -
305 2745 373 2813 quia
397 2745 473 2799 idem
502 2743 628 2798 Tbrasea
652 2742 770 2798 Patavii
788 2771 821 2782 -
840 2744 992 2810 cecinerat,
1019 2750 1108 2797 aeteae
1131 2739 1162 2797 ir
1179 2748 1329 2811 ssaeaooto
1359 2747 1392 2812 τῇ

169 2816 281 2886 πατρίδι
298 2817 454 2885 τραγῳδίαν
471 2819 539 2870 κατά
556 2837 583 2869 τι
600 2818 716 2886 πάτριον
743 2812 773 2868 ἐν
791 2812 874 2886 ἑορτῇ
891 2835 946 2870 τινι
962 2815 1211 2888 τριακονταετηρίδι
1238 2815 1391 2884 ὑποκρινά-

168 2904 252 2955 μενος
270 2885 381 2958 Xiphil.
401 2891 446 2953 62,
464 2889 507 2946 26.
527 2886 630 2940 Patavi
648 2885 705 2940 tls.
724 2877 807 2941 Flor.
826 2895 914 2952 (teate
931 2887 1033 2952 Furia)
1053 2894 1084 2940 et
1103 2887 1147 2941 ed.
1167 2886 1246 2958 Spir.
1266 2920 1302 2930 —
1313 2887 1390 2942 ludis
1431 2883 1432 2898 ¹

170 2957 283 3011 verticis
306 2974 325 3012 a
346 2957 471 3014 Troiano
494 2957 637 3012 Antenore
660 2958 824 3012 instituatis:
852 2976 920 3012 nam
944 2958 996 3012 hic
1018 2959 1050 3012 iu
1078 2957 1194 3012 ltaliam
1219 2959 1339 3014 venisse
1363 2967 1391 3013 et

95 3055 104 3064 ·
170 3031 319 3084 Patavium
342 3030 506 3086 condidisse
532 3033 646 3094 fertum
678 3030 755 3100 quod
779 3029 965 3082 notissimum
990 3047 1027 3085 cx
1050 3028 1113 3082 hir.
1140 3034 1167 3095 l,
1191 3032 1217 3084 1.
1246 3039 1279 3084 ct
1305 3031 1390 3108 Virg.
1431 3057 1432 3060 ¹

168 3101 240 3156 Aen.
261 3105 285 3166 1,
304 3103 358 3158 941
377 3118 411 3171 sq
432 3141 439 3154 .
479 3101 556 3155 ludis
574 3100 687 3154 cesticis
704 3099 754 3153 rel
773 3101 908 3155 caesticis
926 3101 989 3157 edd.
1010 3100 1074 3154 cut.
1095 3105 1120 3156 1.
1139 3103 1171 3170 1.Ι
1191 3109 1221 3154 et
1240 3099 1311 3155 dein
1330 3117 1392 3154 om·

169 3190 221 3226 nes
238 3179 357 3244 praeter
374 3120 465 3229 usia.
484 3176 512 3229 9.
533 3181 562 3227 et
579 3173 684 3226 Ritter.
711 3173 828 3226 cetastis
846 3173 922 3227 MSS.
943 3173 1024 3229 Flos.
1043 3175 1108 3224 Vat.
1128 3169 1198 3248 fleg.
1218 3171 1307 3230 (ἔοι-1).
1327 3171 1391 3226 edd.

169 3243 248 3318 Spir.
267 3243 358 3301 Bekk.
377 3246 404 3299 2·
427 3243 499 3300 niet.
529 3244 647 3298 certatis
670 3241 747 3300 MSS.
768 3243 850 3298 Harl.
872 3243 953 3297 Bodl.
971 3242 1042 3296 llud.
1063 3241 1161 3296 Gueli.
1192 3244 1312 3296 testatis
1331 3241 1389 3296 MS.
1431 3247 1432 3258 ¹

170 3317 226 3369 les.
247 3315 367 3368 cerastis
385 3315 442 3371 MS.
462 3315 532 3394 Agr.
554 3315 697 3382 Quaenam
714 3313 818 3367 herum
838 3315 1000 3388 lectionum
1020 3319 1049 3368 et
1067 3321 1169 3366 unum
1186 3313 1244 3367 alia
1258 3317 1299 3367 sit
1307 3331 1391 3377 rara,

169 3387 291 3440 dubium
312 3395 364 3441 est.
402 3386 478 3441 Ludi
495 3388 596 3440 castici
614 3387 662 3440 vel
680 3385 797 3438 caestici
816 3386 859 3439 sic
877 3385 937 3440 dici
954 3393 1087 3456 potuere,
1104 3401 1165 3438 uon
1183 3403 1199 3438 a
1217 3391 1304 3452 cesto,
1329 3387 1391 3440 cin-

142 3525 146 3532 ·
170 3457 240 3584 pulo
259 3456 407 3525 muliebri,
425 3475 454 3514 v.
469 3459 636 3523 alienaris,
657 3455 735 3528 quod
753 3473 806 3510 acu
822 3457 937 3580 pictum
951 3464 1024 3522 erat,
1044 3453 1154 3520 (xeoebr
1173 3455 1275 3525 ἱμάντα
1291 3456 1391 3580 appel·

182 3538 213 3583 st
238 3529 322 3582 Hom.
342 3529 379 3581 tl.
399 3533 443 3594 14,
467 3531 530 3585 ult:
557 3528 593 3584 de
617 3545 674 3600 quc
702 3546 732 3582 r.
751 3528 827 3584 win
850 3529 954 3582 elman.
982 3527 1090 3582 Gesch.
1116 3527 1169 3582 der
1191 3528 1288 3582 Kuust
1340 3527 1389 3580 .1.

167 3617 199 3674 p.
219 3603 279 3656 198.
298 3599 412 3654 Alberti
430 3598 467 3653 ad
485 3598 611 3670 Hesych.
640 3608 671 3654 et
689 3599 819 3652 Broukh.
846 3599 883 3654 ad
899 3598 1009 3653 Tibull.
1030 3603 1056 3665 l,
1075 3602 1103 3664 9,
1122 3600 1165 3664 b.)
1193 3598 1243 3652 sed
1268 3618 1287 3652 a
1315 3605 1388 3652 cestu

132 3709 137 3732 ,
170 3689 222 3727 seu
240 3678 336 3726 caestu
353 3671 475 3748 pugilis,
494 3673 546 3743 qui
565 3671 697 3726 dextram
717 3689 836 3724 manum
860 3671 925 3724 loro
953 3670 1044 3724 cleris
1068 3669 1173 3724 ferreis
1196 3671 1315 3724 munito
1335 3673 1387 3724 im·

168 3743 306 3814 plicabat,
333 3749 367 3796 ut
395 3758 428 3796 ec
446 3744 553 3796 fortius
578 3742 701 3808 ieriret;
729 3743 814 3812 queale
839 3741 976 3819 pugilum
1004 3749 1150 3796 certamen
1173 3749 1294 3812 praeter
1316 3741 1388 3795 ulios

169 3815 253 3868 ludos
272 3813 413 3868 Troianos
431 3813 551 3883 Aeneas,
569 3815 676 3870 relicta
693 3811 870 3899 Carthagine
888 3815 919 3866 vi
936 3813 1119 3883 tempestatis
1138 3812 1169 3864 in
1185 3811 1321 3867 Siciliam
1340 3813 1387 3866 de·

170 3887 247 3942 letus
266 3894 296 3940 et
313 3887 346 3940 ab
365 3886 469 3939 Aceste
486 3885 613 3961 benig-uc
638 3891 786 3955 exceptus,
812 3903 845 3938 m
868 3883 1012 3940 honorem
1030 3882 1174 3943 Anchisae
1191 3885 1286 3954 patris
1311 3881 1389 3954 apud

170 3956 316 4010 tumulum
336 3959 398 4012 clus
417 3957 579 4012 instituisse
596 3954 775 4027 perhibetur.
800 3974 829 4012 r.
848 3957 931 4032 virg.
956 3954 1027 4010 Aen.
1048 3957 1075 4020 5,
1095 3955 1139 4010 69.
1158 3958 1212 4011 ibt!
1232 3971 1296 4025 sqq.
1323 3959 1386 4011 tto.

169 4027 271 4096 „Quid
296 4035 391 4084 sutem
415 4026 557 4082 caestibus
580 4043 647 4080 cum
677 4029 787 4081 cautu?
822 4025 965 4080 Thraseae
985 4027 1064 4080 euim
1082 4025 1133 4077 hic
1158 4025 1295 4079 cecinisse
1314 4027 1389 4080 dici-

170 4109 229 4166 tur,
249 4115 308 4154 nou
328 4098 460 4154 manibus
477 4116 629 4174 pugnasse.
666 4097 723 4152 Sed
741 4097 930 4164 crediderim,
950 4113 999 4152 ecs
1017 4097 1111 4162 ludos,
1130 4105 1163 4148 ut
1179 4097 1225 4162 fit,
1252 4104 1388 4170 tempora

169 4171 315 4228 uucfiores
332 4169 552 4239 amicioresque
568 4171 661 4223 iactos
680 4177 708 4223 et
726 4169 762 4222 ad
779 4179 891 4223 caestus
911 4169 1023 4222 scenica
1041 4169 1128 4222 etiam
1152 4171 1314 4224 certamina
1340 4167 1387 4222 ed·

171 4241 274 4293 iecta.“
300 4239 423 4308 Lipsius.
460 4240 532 4296 Sanc
555 4241 642 4294 etiam
661 4241 767 4294 Romae
791 4241 823 4293 iu
840 4239 1052 4312 antiquissimis
1077 4238 1163 4305 ludis,
1188 4239 1241 4311 qui
1265 4239 1388 4293 Romani
1431 4237 1432 4240 ’

83 4307 87 4320 ’
159 4307 271 4383 ‚muta
290 4312 374 4378 dicti,
391 4312 470 4383 apud
484 4312 551 4368 liv·
572 4317 599 4378 1,
616 4313 661 4370 36.
682 4312 798 4382 pugiles
815 4319 1098 4378 commemorantur,
1115 4309 1182 4366 Ern
1220 4309 1322 4380 „Quia
1338 4330 1387 4366 su·
