2800 4790
217 225 379 309 'carus
399 243 440 308 u.
462 242 519 308 ur.
548 241 653 325 (uo.
670 243 742 312 eu.
763 242 804 308 a.
818 239 935 323 use.)
1142 245 1204 309 au

36 411 113 477 sitium,
128 411 170 466 red
185 411 306 468 minime
323 409 463 484 possibile
482 419 512 468 et
527 409 595 485 plus
620 412 652 466 iu
675 426 710 467 eo
733 409 938 466 ostentationis
965 427 1052 482 quam
1077 407 1205 480 pruden-

37 484 84 536 tiae:
98 500 153 536 nam
168 485 327 540 necessaria
345 489 414 537 sunt
431 485 551 550 tributa,
572 485 675 555 quibus
693 501 740 538 res
757 482 875 554 publica
899 483 1085 538 sustineatur.
1128 481 1206 534 liino

35 554 109 607 nerito
123 555 238 609 Neronis
262 555 396 624 impetum
423 556 566 609 attinuere
589 560 736 609 senatores
761 553 975 608 dissolutionem
996 551 1113 622 imperii
1129 550 1206 607 hano

37 639 76 677 esse
89 641 128 678 seu
143 628 201 680 lore
218 627 351 681 docendo.
371 624 468 680 Simul
484 631 651 698 usurpatam
669 627 700 679 in
717 621 765 679 bis
784 625 953 680 Neroniani·
968 623 1088 694 imperit
1110 625 1206 678 initiis
1318 692 1321 702 Ι

38 698 173 778 euetiooem
191 701 307 775 egregie
326 697 540 762 commendant,
568 715 658 768 quum
676 697 864 768 profitentur,
891 697 923 750 in
946 694 1138 772 vectigalibus
1161 694 1207 748 ito

36 782 140 831 pomam
155 785 222 833 esse,
241 776 271 822 ut
290 769 368 822 rutio
387 775 550 837 quaestuum
569 776 596 824 et
614 769 769 822 necessitas
786 769 984 836 erogationum
1001 768 1081 820 inter
1099 781 1212 820 secun*

37 847 145 924 qraerent.
178 839 292 896 Nerone
316 837 490 906 modestior,
521 839 572 894 sed
598 841 772 912 prudentior
789 839 967 909 'meliorque
1001 837 1145 893 Tiberius.
1177 855 1206 891 v.
1242 845 1263 880 ἰ
1324 895 1329 900 ,

35 913 89 964 suet
104 909 157 964 Tib.
175 927 198 966 o.
217 915 261 968 32.
297 911 613 966 Immortalitatevero
640 911 728 988 digno
758 911 817 964 fuit
843 909 916 981 lmp.
936 909 1075 964 Hadriani
1103 924 1160 962 vox
1177 915 1208 962 et

36 989 89 1034 anto
103 979 273 1049 laudabilior,
292 991 400 1054 quanto
418 984 451 1036 in
469 981 524 1036 hac
541 983 662 1054 imperii
679 985 809 1054 primum
829 982 995 1048 seueritate,
1015 981 1117 1034 deinde
1135 981 1208 1032 luxu

36 1052 112 1105 sarim:
128 1054 257 1121 uesplicri
275 1054 427 1122 imperium
445 1051 587 1107 bominum
611 1053 773 1108 adiectione
794 1053 893 1121 petius
917 1050 999 1122 qu'cm
1024 1051 1210 1120 pemeuiurum

33 1121 90 1189 opit
103 1125 190 1189 uelim
211 1143 247 1178 vc
260 1124 364 1181 Paulus
381 1123 449 1202 Dig.
468 1125 489 1181 l.
508 1128 551 1182 48.
572 1125 617 1180 tit.
637 1128 683 1180 20.
702 1125 759 1201 leg.
780 1125 824 1180 t.“
842 1125 924 1178 Brut.
946 1124 1118 1191 —impetum
1134 1123 1207 1186 eiua,

34 1196 178 1262 repentinum
200 1197 292 1252 animi
315 1213 351 1252 ex
375 1195 500 1250 honesto
527 1203 650 1264 motum,
678 1203 712 1250 ut
737 1213 762 1248 c.
781 1197 826 1252 45.
854 1197 976 1266 impetus
1001 1195 1126 1262 antiqui,
1156 1193 1209 1264 qui

35 1263 200 1332 quodammodo
218 1267 373 1322 excederet
390 1274 503 1321 motum
522 1267 630 1321 saeculi
649 1275 680 1322 et
697 1268 867 1338 antiquitati
886 1267 1016 1322 laudatae
1042 1283 1096 1338 par
1119 1274 1209 1328 essetq

34 1333 93 1392 Grau.
107 1337 136 1391 ad
151 1355 174 1394 c.
191 1341 235 1395 64.
257 1369 289 1381 -
310 1340 629 1403 attinuere'aenctcres,
649 1357 676 1395 v.
696 1338 732 1393 ad
751 1345 776 1402 1,
794 1339 839 1394 35·
859 1344 911 1394 att.
931 1339 1059 1392 seniores
1084 1337 1210 1391 rnalebat

34 1403 87 1474 lips.
102 1439 127 1450 —
144 1410 369 1463 destituerentur
388 1410 452 1464 edd.
471 1411 550 1480 Lips.
570 1427 633 1481 sqq.
649 1403 880 1465 diminuerentur
897 1407 959 1478 MS,
980 1408 1077 1463 Guelt'.
1098 1417 1128 1462 et
1145 1409 1208 1464 edd.
1319 1469 1321 1474 ,

34 1482 72 1531 tet.
87 1478 122 1532 ct.
137 1481 169 1534 ad
185 1481 257 1558 Agr
277 1484 305 1538 e.
324 1499 353 1538 n.
374 1484 400 1538 4.
419 1511 453 1524 -
473 1481 596 1535 sublatis
611 1480 753 1550 portoriis
770 1497 887 1550 sequeus
911 1479 974 1535 scil.
993 1498 1064 1546 esse,
1090 1487 1125 1533 ut
1143 1496 1210 1532 cor·

34 1563 116 1630 requos
134 1567 188 1607 erae
210 1571 257 1623 ap.
278 1551 340 1606 Cic.
359 1551 394 1606 de
413 1568 457 1606 or.
476 1554 503 1616 2,
522 1555 566 1608 63.
595 1551 681 1606 Ture.
708 1571 755 1624 qu.
775 1557 801 1619 ὅ,
820 1557 846 1609 8,
872 1560 903 1606 et
925 1553 961 1605 de
979 1551 1037 1628 leg.
1058 1557 1084 1619 1,
1102 1554 1129 1609 ὅ.
1165 1549 1209 1606 De

33 1622 281 1690 emmanitatis
301 1623 535 1692 etvectigulibue
553 1625 674 1695 proprie
694 1626 736 1678 sic
753 1624 840 1677 dictis
859 1643 887 1679 v.
907 1623 942 1677 ad
961 1626 987 1688 Ι,
1007 1629 1050 1678 ll.

79 1729 99 1782 2.
114 1728 258 1802 Pleraeque
276 1730 460 1800 vectigalium
478 1729 636 1796 societates,
656 1730 694 1783 cl.
713 1729 749 1784 ad
766 1732 792 1796 4,
812 1731 839 1784 6.
864 1728 908 1783 ΡΙ.
933 1735 1000 1784 vect.
1029 1730 1211 1787 necessitates
1279 1765 1280 1768 =

34 1797 85 1848 cori.
99 1799 176 1856 Rben.
194 1805 271 1856 rtur.
291 1801 374 1854 Auid.
392 1802 470 1855 male
488 1809 680 1872 provocantes
699 1801 736 1855 ad
754 1805 780 1868 1,
801 1805 843 1856 ll·
861 1809 937 1854 extr.
968 1799 1056 1856 Omne
1073 1805 1138 1858 fere
1155 1821 1210 1876 pu·

33 1863 109 1924 blisum
125 1892 138 1926 a
154 1875 290 1929 societate
309 1874 486 1938 exercitum
505 1873 593 1926 Gran.
627 1905 659 1915 -
686 1871 750 1925 ucri
767 1872 855 1926 eliam
878 1871 977 1940 pepuli
994 1871 1072 1928 Rom.
1094 1881 1154 1928 tum
1172 1876 1211 1928 li-

32 1935 117 2006 bertute,
133 1947 167 2004 cf.
186 1945 250 2000 lnd.
270 1944 325 2000 111.
347 1963 375 1998 v·
393 1944 542 1998 Adieclivu
560 1945 592 1998 iu
610 1948 689 1997 sexto
708 1960 775 1997 cusu
795 1941 920 2006 obsolute
936 1943 1039 2011 positu.
1068 1943 1118 2000 Sic
1128 1946 1207 2002 MSS.

34 2005 88 2063 flor.
103 2014 176 2077 (teste
188 2019 279 2080 Vict.)
297 2016 369 2069 Bud.
390 2016 452 2070 edd.
463 2015 554 2070 Rhea·
565 2019 592 2074 2.
602 2017 628 2073 3.
649 2035 682 2088 sq
705 2059 711 2074 .
732 2015 794 2069 ucri
809 2032 873 2084 pop.
889 2014 923 2067 R.
942 2020 1001 2068 tum
1013 2017 1063 2072 lid.
1076 2018 1120 2072 ed.
1131 2019 1210 2091 Spir.

31 2083 74 2130 teri
88 2087 160 2142 etiam
172 2106 202 2158 p.
221 2088 260 2141 li.
280 2089 414 2142 libertate
433 2087 494 2142 edd.
514 2088 578 2141 Put.
598 2091 622 2143 1.
642 2090 668 2144 2.
683 2034 758 2142 iter.
784 2085 878 2140 Rhea.
898 2090 923 2142 1.
952 2089 1015 2141 acri
1038 2089 1124 2142 etium
1151 2099 1212 2146 tum

31 2163 50 2213 l·
63 2150 87 2206 ll.
102 2156 143 2210 tib.
167 2161 229 2214 cod.
251 2160 319 2216 Urs.
345 2158 423 2229 quod
439 2177 544 2214 rerum
562 2157 703 2230 putabant
726 2161 800 2212 ltlur.
812 2158 901 2214 ,Actu
922 2165 951 2212 et
969 2157 1083 2214 walth.
1110 2161 1156 2218 Gt.
1175 2165 1212 2219 ad

32 2221 48 2282 l,
61 2223 81 2286 3,
96 2226 117 2282 l.
149 2229 296 2286 Similiter
314 2231 358 2296 14,
377 2233 423 2286 39.
459 2231 604 2300 flagrante
623 2231 711 2284 etium
735 2237 792 2283 tum
811 2230 950 2294 libertate,
976 2228 1006 2284 h.
1019 2248 1045 2284 e.
1064 2231 1212 2290 libertatis

31 2309 107 2361 rmore,
123 2301 222 2368 studio,
245 2319 340 2355 sensu·
378 2316 412 2354 ac
429 2301 518 2354 eliam
533 2297 632 2370 populi
649 2302 728 2355 Rom.
748 2318 810 2354 cum
827 2302 876 2354 lib.
896 2299 952 2355 MS·
973 2301 1074 2357 Guelf.
1094 2308 1158 2360 acri
1174 2308 1212 2360 li-

31 2361 114 2432 turus,
130 2380 160 2424 ut
177 2373 276 2426 acrius
294 2371 440 2426 seruitium
458 2377 486 2438 6,
505 2375 551 2430 48.
577 2380 608 2427 et
626 2374 725 2426 acrior
743 2374 862 2427 libertae
887 2371 922 2429 G.
941 2375 984 2440 37.
1010 2374 1060 2430 ubi
1084 2380 1121 2432 of.
1143 2387 1213 2434 nota

30 2437 310 2547 1²·„lum'partioula
336 2443 509 2498 insolentius
535 2451 671 2510 retracta,
695 2453 728 2497 ut
753 2463 796 2514 ep.
816 2445 881 2500 niv.
900 2447 946 2510 2³,
965 2445 1011 2500 id·
1030 2449 1075 2512 25,
1102 2453 1145 2506 31.
1165 2453 1211 2517 3³,

29 2505 59 2586 ³⁵:
67 2512 101 2576 4⁰,
109 2515 146 2569 21.
186 2513 299 2570 Walcb.
320 2514 431 2571 emend
451 2515 516 2568 hir.
534 2531 563 2586 p.
576 2517 637 2572 19⁷.
658 2542 691 2553 -
711 2515 909 2584 erogationum
926 2513 1004 2570 MSS·
1024 2517 1104 2573 Flor.
1124 2521 1212 2586 (teste
1277 2511 1281 2523 ⁴

30 2571 91 2648 lul)
107 2581 198 2640 Gueli.
218 2587 283 2642 edd„
303 2585 396 2640 Rhea.
422 2589 448 2642 2.
467 2590 493 2642 3.
513 2604 575 2658 sqq.
595 2587 807 2655 errogutiorum
831 2585 874 2642 ed.
899 2585 919 2638 S
942 2588 976 2639 ir·
1002 2587 1214 2658 irrogationem

29 2647 71 2706 ill
86 2655 138 2712 Pnt.
156 2662 180 2714 l.
199 2661 227 2715 2.
247 2658 315 2710 Ber.
335 2655 427 2711 Rhea.
448 2663 473 2715 l.
494 2685 528 2696 —
547 2663 748 2726 congruerent:
776 2658 808 2710 in
826 2656 885 2710 MS.
930 2658 986 2712 lor.
1005 2657 1093 2724 (testo
1111 2663 1213 2726 Furia)

30 2725 48 2767 et
61 2723 92 2776 et
108 2725 179 2796 Spir.
199 2743 367 2797 congruere,
386 2737 419 2781 ut
438 2729 468 2782 in
487 2728 590 2782 iisdem
609 2727 814 2798 superfundere
832 2745 857 2781 c.
876 2730 922 2786 55.
943 2737 1017 2784 extr.
1044 2765 1076 2776 -
1099 2733 1213 2804 Tempe.

30 2795 106 2850 ustae
119 2799 219 2868 pleae.-
239 2801 273 2853 in
293 2798 336 2854 ed.
356 2797 435 2869 Spir.
458 2799 489 2856 Τ,
510 2815 586 2855 aare.
625 2799 734 2866 „Haud
751 2801 870 2870 inepte:
898 2801 947 2856 sed
966 2801 1107 2858 similiter
1118 2809 1146 2874 3,
1166 2810 1212 2864 34.

27 2863 84 2926 tluue
97 2871 241 2925 armastis:
261 2888 329 2924 nam
348 2886 417 2924 aare
435 2871 585 2938 concedit3
602 2873 688 2940 plane
705 2887 765 2926 non
784 2870 879 2926 solum
897 2871 1042 2940 concedit,
1069 2875 1121 2930 sed
1137 2895 1214 2932 asse·

29 2947 85 3022 tuat
99 2943 196 3026 etiam:
217 2943 284 2996 sine
302 2941 399 3008 dubio,
418 2942 548 3026 aperte.“
571 2941 682 3028 mk:
702 2975 733 2985 -
752 2943 832 2996 noris
857 2943 1075 3030 acerbitatibus:
1101 2949 1213 3015 „novis

27 3012 1214 3174 letter.uertereturertettut¹e⁰ututeue

27 3143 127 3223 flagitare
143 3154 382 3210 mentiebantur:
403 3171 475 3226 quae
494 3155 606 3210 latebra
624 3156 735 3211 sublata
753 3164 796 3212 est
817 3157 929 3226 legibue
952 3158 1083 3230 ruinaque
1104 3164 1215 3231 publeci

24 3225 163 3294 proscriptis
181 3233 220 3289 te.
243 3225 303 3292 51.)
321 3226 451 3302 vulgatis
470 3226 505 3280 de
525 3227 572 3292 iis,
592 3245 607 3280 a
626 3227 728 3298 quibus
746 3229 793 3282 exi
832 3236 915 3282 retur
927 3238 956 3283 et
965 3247 1038 3300 quae
1048 3230 1215 3290 deberent.“

26 3287 87 3350 97⁰2.
104 3329 133 3340 -
151 3301 279 3353 tolerata
297 3298 336 3352 ad
353 3297 494 3351 invidiam
511 3303 649 3353 verterent
669 3297 732 3356 scil.
749 3315 788 3368 pu
806 3299 896 3354 ticeni
909 3301 958 3356 rel
975 3301 1073 3370 potius
1084 3320 1125 3372 ae,
1145 3305 1175 3364 h.
1187 3326 1213 3364 e.

26 3371 193 3440 'iderentur-3
214 3367 297 3424 rtet.
324 3368 369 3426 Cf.
390 3369 426 3423 ad
443 3371 471 3437 4,
490 3372 536 3437 41,
554 3371 580 3427 2.

454 3545 647 3602 CAPUT
701 3547 756 3606 Η.

25 3721 33 3732 ·
79 3647 162 3736 Ergo
184 3651 295 3716 edixit
314 3651 483 3737 Princeps,
505 3661 545 3716 ut
566 3654 657 3754 leges
678 3659 836 3739 cuiusque
857 3655 981 3740 publici
1003 3659 1154 3725 occultae
1172 3653 1218 3728 ad

24 3719 176 3816 itemque
200 3737 519 3820 proscriberentur,
541 3757 676 3801 omissas
697 3742 875 3822 petitiones
897 3761 964 3804 non
985 3744 1076 3806 ultra
1092 3766 1218 3810 annum

25 3823 217 3895 samareum
248 3819 372 3884 Romae
392 3829 541 3904 praetor,
562 3840 625 3902 per
651 3823 851 3902 provincias,
881 3827 939 3908 qui
969 3845 1031 3907 pro
1058 3841 1219 3912 praetore

25 3901 60 3953 *tt
81 3904 215 3968 comate
248 3911 368 3981 essent,
402 3905 480 3966 iura
508 3902 669 3968 adversus
702 3906 897 3988 publicanos
933 3917 1030 3972 extra
1065 3912 1218 3978 ordinem

24 3978 190 4062 redderent}
234 3986 401 4048 militibus
434 3987 628 4050 immunitas
663 3999 871 4063 servaretur,
904 3993 970 4052 nisi
996 3995 1030 4054 in
1061 3999 1104 4060 iis
1136 4018 1219 4082 quae

23 4069 81 4124 tenu
100 4078 316 4140 exerces-enm
350 4070 477 4152 aliaque
498 4069 676 4132 admodum
697 4091 814 4154 aequa,
848 4094 931 4156 quae
952 4076 1049 4141 brevi
1075 4090 1219 4160 servata,

23 4133 73 4240 lein
90 4153 220 4214 frustra
244 4151 358 4214 habita
379 4163 467 4216 sunt.
508 4149 626 4216 Manet
646 4164 759 4216 tamen
780 4155 920 4220 abolitio
949 4160 1219 4241 quadraresimae

23 4237 360 4321 quinquagesimaeque,
403 4244 437 4298 et
469 4255 552 4318 quae
579 4238 643 4300 alia
667 4239 896 4302 exactionibus
926 4241 1055 4308 illicitis
1074 4217 1220 4312 ²’uomina

23 4309 157 4382 tthlioani
177 4319 394 4384 invenerant.
437 4317 637 4401 Temperata
659 4319 748 4403 apud
767 4325 1008 4391 transmarinas
1027 4330 1220 4410 provincias

43 4417 280 4488 mmmm
411 4481 417 4500 q
578 4406 581 4414 ’
955 4411 994 4472 ffi
1098 4465 1107 4491 .
