2872 4786
156 209 220 280 Μ
523 205 765 274 ΛΝΝΔΠΠΜ
794 207 880 274 Lm.
902 205 997 274 XVI.

155 371 396 503 iii'uifi'i.
414 371 495 500 'iti’
511 376 559 512 <⁸55
572 371 890 568 ἕωξῖΐῗιῖἓῗῖιῗῖῗῗ·
908 373 999 500 dil:
1019 379 1052 503 l
1063 373 1233 518 qm.
1249 377 1363 512 3¹2}de

154 515 233 572 MSS.
250 517 329 572 Flor.
348 517 434 582 (terte
451 516 554 583 Furia)
600 517 655 571 arl.
675 525 705 572 at
723 516 822 572 Guell.
841 535 857 570 a
875 533 916 570 m.
936 535 991 588 sec.
1011 516 1096 574 Gorb.
1125 517 1196 570 Bud.
1221 518 1265 574 ed.
1290 518 1360 588 Spir.

154 589 263 644 omissa
279 606 297 643 a
314 587 443 643 librariis
461 587 568 643 lineola
585 605 673 712 super
690 588 745 645 ult.
764 588 811 642 lit.
833 614 867 626 -
884 589 1005 654 fumet:
1034 589 1066 642 in
1085 586 1130 642 ed.
1148 587 1229 658 Spir·
1247 591 1360 655 famu.

98 691 103 702 ·
155 687 188 700 -
206 664 299 714 celere
313 659 439 729 pignera
457 659 612 728 eius,v.a
648 659 886 725 e,le,1.et(t.
906 660 932 714 l.
952 677 981 712 n.
1001 665 1027 716 7.

223 768 252 824 3.
275 766 408 821 Rusticus
430 766 573 820 Arulenus
593 798 623 810 -
642 763 720 836 plebi
744 764 880 831 triturare,
911 765 1015 821 deinde
1041 772 1172 836 praetor,
1198 763 1360 830 historicus,

173 835 345 909 hilosophus
364 837 477 893 Stoicus
496 846 524 892 et
541 839 622 890 vire
676 839 751 914 gius,
769 835 851 898 iussu
868 835 1031 890 Domitiani
1050 839 1173 902 occisus,
1203 837 1275 908 qaod
1289 837 1362 892 Paeti

196 924 296 964 roseae
314 916 341 964 et
358 909 484 963 Helvidii
500 907 596 963 Pss‘ees'
625 909 710 962 eudes
728 907 861 962 edidisset
879 909 1103 979 appellaturque
1130 923 1179 961 eoa
1206 909 1361 963 eunctis-

152 980 267 1035 ar'mos
283 981 401 1048 νίνου,
419 979 497 1035 Suet.
516 979 599 1034 Dom.
619 997 644 1034 c.
663 984 706 1036 1⁰.
725 987 759 1031 ut
775 977 830 1033 Dio
848 982 895 1045 67,
914 983 959 1036 13.
979 981 1061 1042 dicit,
1080 975 1123 1032 du
1140 975 1304 1050 ἐφιλοσόφει
1320 979 1361 1030 ret

152 1047 263 1106 dordr
281 1053 409 1122 Θρασέαν
425 1047 502 1120 ἱερὸν
519 1048 672 1124 ὠνόμασεν.
701 1049 746 1104 Gi.
773 1049 808 1104 de
832 1066 866 1104 eo
893 1049 929 1108 ll.
948 1053 976 1116 3,
1002 1053 1047 1107 80.
1077 1051 1146 1127 Agr.
1176 1068 1205 1103 c.
1225 1055 1250 1107 2.
1277 1059 1306 1104 et
1321 1052 1359 1106 lu

151 1121 228 1176 Plin.
246 1141 292 1195 ep.
314 1129 339 1191 1,
357 1125 383 1181 5.
403 1129 433 1177 et
451 1125 493 1180 ld.
514 1122 590 1176 Plut.
610 1121 646 1176 de
664 1121 795 1176 curiosit.
814 1139 842 1193 p.
864 1123 926 1179 623.
954 1121 1091 1178 Antonin.
1112 1123 1359 1176 dormitant.

150 1193 276 1262 „lunius
293 1195 426 1248 ilurls'cue
443 1195 613 1278 nominatur
637 1213 655 1246 a
672 1193 750 1248 Suet.
769 1191 854 1246 Dorn.
875 1198 917 1249 lt).
945 1191 978 1249 1..
997 1193 1096 1246 Iunius
1123 1193 1256 1276 ltusts’cm
1277 1191 1360 1261 pdilr-

150 1262 257 1390 :tlt
273 1263 480 1394 fssissfiss'
497 1263 1047 1390 ‚ltittntt{diffiditis
1063 1265 1360 1390 illittlltlt

149 1405 313 1465 Ruetieus.“
332 1407 406 1478 Lipe.
426 1406 462 1463 ad
543 1409 613 1463 ‚di
649 1405 693 1461 De
716 1405 774 1460 alio
801 1405 883 1460 lanio
908 1407 1021 1461 ltuatice
1049 1415 1079 1462 et
1101 1409 1229 1460 fortem
1248 1423 1281 1460 eo
1320 1414 1360 1459 sto

148 1494 178 1534 v.
198 1497 261 1552 sup.
280 1481 309 1546 t,
326 1481 354 1534 4.
372 1497 418 1551 pr.
446 1478 507 1532 Aru
521 1477 581 1533 eius
608 1475 664 1533 MS.
694 1476 793 1532 Guell.
816 1495 833 1530 a
851 1494 889 1530 m.
910 1495 964 1532 sec.
994 1510 1027 1522 -
1055 1479 1127 1548 pleds'
1144 1479 1274 1532 retusus
1304 1477 1358 1532 lSS.

150 1549 231 1608 Flor.
250 1551 338 1616 (teste
356 1550 412 1604 lac.
432 1549 538 1615 Gron.)
555 1550 627 1625 Reg.
647 1547 731 1603 corb.
748 1541 840 1616 pletis
857 1549 989 1604 triduoue
1005 1550 1068 1605 edd
1089 1550 1151 1603 l’ut.
1167 1556 1193 1606 1.
1213 1553 1240 1606 2·
1260 1557 1289 1603 et
1300 1550 1359 1603 dein

149 1635 251 1674 omnes
275 1629 394 1692 praeter
420 1621 504 1676 illam
529 1620 588 1676 lac.
613 1620 765 1674 Gronovii.
794 1639 822 1674 v.
847 1621 884 1675 ad
901 1625 944 1686 ll,
963 1625 1010 1689 nt,
1028 1623 1054 1678 3.
1080 1622 1121 1690 pl.
1144 1621 1284 1675 Triduum
1309 1617 1358 1676 MS.

149 1691 250 1748 Gueli.
267 1693 357 1762 pleds's
375 1692 467 1746 tribue
485 1693 527 1748 ad.
540 1690 622 1764 ,Spin
635 1719 667 1730 -
685 1691 805 1759 spiriru
824 1691 893 1758 eise,
913 1712 941 1749 r.
961 1692 998 1747 ad
1015 1711 1039 1748 c.
1053 1695 1097 1750 ld.
1116 1710 1147 1745 n.
1167 1696 1196 1749 2.
1216 1709 1289 1763 rpem
1304 1693 1359 1744 eius

148 1761 210 1818 MS.
229 1763 302 1820 Bud.
337 1763 400 1818 Ss'lrs'
416 1769 506 1818 ortem
522 1770 649 1828 aetutem,
667 1781 684 1817 a
703 1779 734 1816 se
750 1771 897 1834 peractam
917 1781 988 1820 esse.
1008 1763 1054 1818 Cf.
1076 1763 1139 1817 lud
1160 1765 1216 1820 ΙΙΙ.
1237 1782 1266 1817 r.
1286 1763 1359 1818 Dati-

148 1849 200 1889 csra
222 1831 402 1892 subiectiora.
439 1835 571 1904 „Eodem
601 1851 686 1892 sensu
709 1834 852 1888 moritura
876 1832 950 1890 Dido
977 1853 1021 1908 ap.
1046 1837 1128 1911 Virg.
1153 1835 1228 1890 Aen.
1254 1839 1280 1900 d,
1303 1839 1356 1892 tit.

69 1967 72 1974 ,
149 1903 243 1964 dixit:
266 1905 336 1962 Vim·
352 1913 389 1972 et,
407 1924 487 1977 qoem
504 1907 621 1962 dederet
637 1919 747 1959 currum
764 1905 899 1974 Fortuna,
915 1908 1026 1976 peregi,
1049 1915 1084 1960 ut
1112 1913 1142 1961 et
1160 1906 1304 1960 Diodorus
1319 1923 1357 1976 sp.

149 1975 216 2034 Seu.
236 1977 352 2033 devita
369 1977 477 2032 beau.“
495 1977 622 2034 Freinalt.
642 2009 675 2020 -
693 1981 721 2029 et
738 1973 868 2044 integra,
895 1997 923 2034 v.
943 1979 978 2033 ad
996 1983 1024 2046 3,
1042 1979 1069 2042 Β,
1089 1982 1114 2034 1.
1144 1986 1176 2033 et
1195 1977 1258 2034 lnd.
1276 1977 1311 2031 11.
1329 2003 1358 2016 ·-

148 2047 205 2102 suls·
220 2047 253 2103 ἐκ
270 2055 391 2118 tempore
409 2047 485 2104 MSS.
505 2051 585 2105 Flor.
603 2049 691 2115 (teate
709 2045 802 2110 rich.)
827 2047 898 2126 Reg.
918 2049 1005 2103 Gorb.
1025 2048 1088 2104 edd.
1108 2047 1188 2122 Spir.
1208 2048 1285 2106 Pieh.
1303 2065 1357 2119 sqq.

148 2117 535 2190 scemurensem
554 2121 637 2177 Bodl.
656 2117 710 2172 ies.
729 2116 801 2170 Bud
821 2118 921 2176 Guell.
943 2119 1006 2175 edd.
1024 2121 1087 2176 Put.
1104 2126 1130 2180 1.
1149 2125 1177 2178 l·
1198 2139 1260 2193 sqq.
1276 2135 1358 2192 usque

149 2189 186 2248 sd
202 2189 286 2246 Piclr.
321 2189 410 2246 Paulo
428 2198 495 2263 post
512 2207 549 2248 aa
566 2192 599 2248 iu
615 2195 739 2248 amatam
757 2189 855 2244 venire
872 2192 917 2248 ad.
934 2189 1013 2264 spir.
1051 2227 1058 2245 .

419 2379 426 2406 ι
484 2304 486 2315 ’
569 2343 764 2402 earur
799 2344 947 2404 xxvn.

230 2470 275 2534 As
294 2477 429 2556 postera
450 2469 526 2536 luce
546 2468 631 2535 duae
652 2473 842 2553 praetoriae
858 2471 1013 2534 cohortes
1035 2479 1185 2535 armatae
1206 2469 1355 2554 templum

148 2551 339 2620 Genetricis
360 2555 505 2619 Veneris
526 2553 682 2618 insidere.
718 2553 857 2616 Aditum
878 2563 1012 2616 senatus
1032 2556 1153 2642 globus
1176 2563 1355 2618 toratornm

147 2637 324 2703 obsederat
344 2657 411 2702 non
432 2638 573 2701 occultis
593 2636 726 2724 gladiis,
748 2635 954 2719 dispersique
975 2656 1037 2721 per
1059 2641 1132 2700 lora
1157 2657 1197 2700 ac
1213 2605 1354 2700 desiliens

148 2723 248 2784 cunei
267 2723 447 2784 militares:
475 2723 565 2783 inter
594 2739 738 2804 quornm
771 2729 922 2801 aspectus
953 2729 986 2784 et
1008 2723 1112 2785 minas
1143 2723 1287 2809 ingressi
1306 2737 1354 2781 cu·

147 2805 236 2870 riam
256 2812 449 2868 senatores·
481 2803 523 2864 Et
552 2806 662 2867 oratio
685 2802 848 2886 Principis
882 2821 943 2884 per
965 2812 1174 2887 quaestorem
1209 2807 1279 2866 eius
1307 2821 1356 2862 au-

148 2885 219 2950 dita
240 2895 301 2956 est.
329 2885 471 2950 Nemiue
492 2889 688 2948 nominatim
709 2887 920 2966 compellato,
942 2886 1058 2950 Patres
1080 2889 1257 2974 arguebat,
1279 2881 1355 2968 quod

147 2969 282 3053 publica
309 2971 423 3032 munis
452 2968 647 3032 desererent
667 2989 851 3052 eorumque
882 2971 1031 3052 exemplo
1059 2969 1197 3053 Equites
1226 2967 1354 3031 Romani

91 3120 110 3134 ‚y
148 3051 191 3115 ad
222 3054 399 3140 segnitiam
436 3060 626 3115 uterentur.
675 3053 806 3120 Etenim
835 3051 917 3135 quid
947 3056 1083 3132 mirum,
1122 3072 1141 3114 e
1175 3049 1353 3139 longinquis

148 3136 334 3218 prqvinciis
354 3133 444 3197 hand
464 3136 586 3213 veniri,
608 3153 708 3218 quum
729 3134 883 3218 plerique
903 3132 1015 3214 adepti
1037 3137 1246 3198 consulatum
1261 3143 1292 3198 et
1310 3151 1354 3193 sa·

148 3215 299 3282 cerdotia
329 3217 507 3280 hortorum
535 3219 647 3301 potius
674 3219 866 3280 amoenitati
887 3216 1111 3282 inservirent!
1148 3217 1246 3283 Quod
1271 3216 1354 3280 velut

149 3301 473 3383 telumecorripuere
495 3310 711 3364 accusatores.

221 3439 248 3491 1.
277 3435 350 3490 duae
374 3434 681 3508 praetoriaepoltortea
705 3443 828 3491 arsulae
852 3438 981 3507 ternplum
999 3435 1032 3492 G.
1056 3436 1090 3491 V.
1109 3435 1244 3501 incedere,
1271 3433 1307 3490 ci.
1322 3427 1353 3484 ad

150 3507 220 3584 Agr.
239 3507 283 3564 45.
303 3525 331 3561 n.
352 3510 378 3562 1.
401 3509 560 3575 praetoriae
578 3509 610 3561 in
629 3507 685 3563 MS.
705 3509 803 3564 Gueli.
831 3527 848 3562 a
871 3527 909 3563 m.
930 3525 986 3564 sec.
1011 3507 1141 3562 additum
1166 3509 1199 3560 in
1298 3529 1351 3558 .-

150 3578 280 3648 templum
297 3577 456 3632 Genetricis
477 3579 629 3635 Veneriae
648 3579 766 3634 Caesare
785 3583 816 3634 iu
834 3582 900 3634 loro
919 3596 971 3634 suo
998 3588 1028 3633 et
1052 3581 1083 3632 in
1100 3579 1171 3632 vm
1194 3596 1255 3654 reg.
1299 3573 1351 3626 rbis

150 3649 309 3704 conditum.
329 3667 357 3702 r.
376 3650 499 3721 Appiam.
519 3652 551 3703 B.
572 3649 603 3706 0.
624 3654 650 3712 3.
669 3653 712 3708 dd
733 3654 794 3708 1⁰2.
813 3655 841 3717 3,
861 3654 906 3708 te.
936 3649 1017 3705 Suet.
1037 3649 1116 3704 Caes.
1146 3667 1171 3706 c.
1191 3653 1235 3706 61.
1254 3649 1295 3702 78.
1313 3645 1350 3696 fid·

150 3719 310 3776 Genetricis
328 3718 384 3775 MS.
405 3719 484 3774 Flor.
505 3719 590 3787 (teste
609 3722 663 3776 Iac.
683 3722 787 3786 Gron.)
815 3722 878 3776 edd.
898 3721 962 3777 Ber.
991 3721 1037 3784 (ad
1062 3739 1147 3792 quarn
1173 3721 1257 3774 siluit
1274 3713 1349 3776 Vict)

150 3791 206 3849 lae.
227 3791 319 3848 Gron.
338 3791 401 3864 Bip.
422 3809 483 3864 sqq.
502 3796 585 3847 utin
598 3793 705 3858 numia,
724 3794 816 3848 inseri
838 3801 870 3850 tt.

150 3864 186 3917 ad
204 3861 282 3917 Suet.
301 3861 335 3915 ll.
355 3863 387 3919 ll.
405 3861 494 3917 Drak.
513 3864 549 3918 ad
566 3865 629 3918 hir.
649 3866 719 3935 epit.
741 3867 800 3920 tlt.
816 3811 955 3942 §Vagner
972 3865 1007 3918 ad
1015 3866 1097 3940 Virg.
1119 3865 1171 3918 Ge.
1184 3866 1211 3926 3,
1229 3863 1286 3918 363.
1304 3855 1350 3938 θς·

150 3933 267 3988 nitrirs'a
285 3932 342 3988 MS.
361 3933 458 3990 Guslt'.
477 3944 507 3989 et
525 3935 587 3992 edd.
607 3944 661 3990 cet.
700 3935 736 3988 ln
754 3936 867 4004 ternpls'r
893 3954 976 4008 saepe
1001 3945 1115 3990 senatus
1140 3933 1239 3990 haberi
1256 3931 1349 4004 legati·

150 4021 207 4076 que
234 4005 331 4077 excipi
358 4003 500 4060 solebant:
530 4005 609 4078 quod
631 4008 813 4062 notissimum
840 4025 855 4061 a
881 4008 940 4062 Cic.
970 4005 1056 4061 Catil.
1078 4011 1106 4074 l,
1134 4011 1175 4063 13.
1194 4007 1219 4066 3.
1236 4006 1261 4059 d.
1285 4007 1309 4064 ³9
1325 3999 1347 4052 ⁹·

149 4075 232 4152 Virg.
252 4075 321 4132 dem
341 4080 368 4140 1,
385 4079 439 4134 505
456 4094 497 4147 eq.
518 4080 544 4143 7,
563 4081 615 4134 192
632 4095 673 4146 sq.
692 4085 722 4132 et
740 4079 817 4132 aliis.
839 4109 870 4120 -
890 4079 1016 4133 insidere
1034 4078 1091 4135 MS.
1110 4079 1188 4132 Flor.
1207 4075 1282 4137 (test
1299 4069 1347 4122 lar.

150 4143 313 4213 (honorio,
331 4147 406 4200 vict.
427 4155 457 4202 et
474 4149 574 4216 Furia)
592 4149 637 4204 ed.
656 4148 733 4220 Spin.
753 4149 884 4203 insedere
904 4151 966 4205 edd
987 4149 1040 4206 rel.
1061 4183 1095 4193 -
1114 4149 1230 4204 Aditum
1246 4147 1348 4198 renutet

151 4216 251 4283 globus
267 4221 425 4288 togatorum
442 4219 587 4274 odeedereu
604 4235 659 4274 nos
676 4220 793 4276 occultia
809 4219 933 4290 gladiis,
951 4239 980 4275 v.
999 4221 1034 4276 ad
1052 4219 1088 4274 ll.
1109 4227 1136 4290 1,
1153 4223 1196 4286 38,
1214 4217 1239 4273 3·
1258 4245 1288 4258 ·-
1305 4211 1347 4264 ὄα-

891 3804 920 3848 et
932 3791 1008 3847 MSS.
1028 3795 1159 3864 optimis.
1180 3791 1223 3845 Cf.
1236 3783 1348 3842 Oudend.
