2854 4788
186 227 249 294 436
394 213 438 240 ‘'
573 220 818 289 ANNnntUM
837 221 923 288 Llli.
942 221 1018 288 XV.

184 391 311 451 solleuni
328 400 357 448 et
394 391 492 448 ublieo
513 387 628 449 Veneris
645 405 725 447 saero
743 391 795 447 sub
817 389 860 445 lm
884 389 1045 446 emtoribus
1065 386 1241 462 peruigilium
1255 389 1364 446 aldium

183 465 332 522 videtur.“
394 464 530 532 entsdorf.
549 473 627 537 post.
645 463 695 518 lat.
713 464 784 530 min.
802 461 836 516 T.
855 407 907 520 iil.
926 481 956 534 p·
974 464 1029 520 436
1046 479 1108 536 sqq·
1136 463 1178 518 ct.
1196 463 1269 534 lips.
1284 465 1374 521 Elaea·

183 543 212 602 1,
228 539 256 594 6.
290 537 334 590 Ea
350 553 408 591 vox
425 536 456 590 h.
476 538 495 590 1.
515 545 545 602 et
562 535 636 608 apud
653 535 784 606 reliquos
804 537 972 606 scriptores,
996 535 1047 606 qui
1107 533 1282 610 uigilias-lm
1298 553 1366 590 meu·

183 611 295 664 tionem
312 597 434 676 faciunt,
454 625 518 662 rem
536 611 640 662 seriam
659 615 690 662 et
707 606 874 683 religiosam
893 605 1012 672 indicat,
1038 552 1193 660 sedevilem
1210 613 1286 676 atque
1301 607 1365 660 abie-

183 689 294 734 otama
317 678 410 736 ,Tae
430 679 465 734 11.
484 681 511 746 3,
529 681 574 736 68.
594 680 645 734 ubi
700 679 760 732 'tur
783 677 1001 747 deperoigils'ie
1023 674 1285 730 asseveramini
1303 675 1366 734 lae.

181 769 220 822 pe
260 753 266 766 '
291 753 299 804 i
316 751 351 804 ‘is
368 750 591 806 Bacchanalium
610 695 911 805 sivfflaeehanalium
929 747 1213 815 causaaetis31lotlt.
1232 749 1265 802 de
1281 763 1365 817 synon.

182 840 228 895 ap.
273 841 315 878 ae.
334 839 363 892 p.
381 824 426 879 36.
447 821 492 878 cf.
512 821 574 904 ind.
594 821 650 876 111.
673 840 701 875 s.
721 819 928 903 Meidiadyoin.
1245 857 1247 864 ,

166 915 168 927 ’
253 897 281 952 3.
301 894 434 948 molendo
452 908 558 946 summ
575 893 652 947 Nero
670 893 798 948 euldsdst
817 907 890 957 reos,
909 909 937 946 v.
956 888 992 944 ad
1010 894 1037 958 1,
1054 891 1083 957 6,
1101 893 1129 947 6.
1155 898 1185 946 et
1207 889 1267 944 lnd.
1282 887 1329 947 111,
1342 907 1365 943 τ.

182 963 328 1020 Gerundia
346 972 374 1018 et
393 965 555 1018 Gerundioe
572 963 604 1018 in
621 965 735 1020 Datioo.
772 963 908 1017 adolendo
925 977 992 1015 vero
1010 963 1122 1016 ruinosi
1137 963 1193 1020 MS.
1211 963 1275 1038 Meg.
1295 961 1366 1015 Addi-

180 1043 341 1094 ramentum
364 1035 481 1090 librarii
507 1036 631 1090 alieuius
666 1035 838 1100 christiani3
864 1034 946 1089 Brol.
974 1065 1008 1078 -
1054 1030 1267 1104 quaesitissimis
1287 1032 1367 1102 pettit

180 1107 258 1164 MSS.
277 1107 358 1162 Flos.
376 1106 465 1176 (teste
481 1107 573 1174 Viet.)
591 1107 687 1162 Guell.
707 1104 768 1160 edd.
787 1106 864 1176 Lips.
883 1103 964 1160 Picis.
984 1121 1047 1176 sqq.
1084 1105 1304 1176 esptsiaitiseimit
1317 1104 1366 1157 edi.

179 1187 240 1236 ret.
272 1179 317 1236 Cf.
343 1177 379 1232 ad
402 1183 430 1244 3,
457 1179 502 1244 36,
531 1181 559 1234 3·
586 1207 619 1222 -
664 1177 771 1232 invisos
797 1193 853 1246 per
878 1173 1004 1246 flagitia,
1035 1193 1162 1246 quornm
1188 1175 1367 1231 insimulaban-

179 1259 240 1317 tur,
269 1259 299 1306 et
322 1267 377 1321 per
400 1247 577 1304 exitiabilem
604 1249 852 1320 superstitionem.
890 1247 936 1303 Cf.
955 1246 992 1301 ad
1014 1251 1059 1313 13,
1083 1251 1127 1305 33.
1165 1251 1265 1304 Minue.
1289 1245 1367 1300 Felix.

179 1339 206 1377 ο.
225 1325 250 1378 3.
270 1323 349 1394 inpr.
377 1321 451 1374 Plin.
478 1338 523 1392 ep·
548 1323 592 1386 16,
610 1323 653 1377 et.
674 1323 718 1378 38.
749 1319 846 1390 ibique
872 1319 965 1390 intpp.
995 1326 1024 1372 et
1047 1318 1204 1374 Boshmeri
1228 1319 1293 1372 diss.
1308 1319 1367 1370 iuris
1400 1333 1401 1364 1

178 1392 281 1448 aeoles.
299 1398 358 1447 ant.
378 1393 413 1446 ad
431 1392 484 1446 has
503 1389 640 1463 epistolas
658 1391 736 1461 lips.
758 1393 836 1448 1711.
855 1393 882 1447 8·
902 1421 935 1434 -·
964 1387 1156 1457 Christianos,
1176 1391 1265 1462 „quod
1281 1405 1367 1442 nomen

177 1471 276 1520 ortum
294 1465 411 1518 demum
428 1465 552 1534 imperio
571 1461 687 1517 Claudii
706 1469 834 1516 extremo
852 1461 944 1516 tradit
961 1460 1079 1516 Suidast
1104 1461 1153 1516 lul
1175 1461 1308 1516 Klaudiou
1329 1465 1368 1526 ῥο-
1400 1503 1401 1506 ,

176 1536 273 1597 σιλέως
288 1531 440 1604 Ῥωμαίων,
467 1535 574 1605 Πέτρου
597 1541 648 1588 τοῦ
670 1526 824 1588 ἀποστόλου
843 1533 1086 1603 χειροτονήσαντος
1103 1533 1224 1588 notens
1244 1530 1272 1588 ir
1285 1531 1368 1584 Ἀντιο-
1400 1579 1401 1582 ,

172 1610 248 1678 zelo,
270 1606 530 1680 μετωνομάσθησαν
553 1605 581 1658 οἱ
601 1600 690 1660 πάλαι
710 1605 857 1678 λεγόμενοι
878 1606 1030 1674 Νοζαροῖοι
1053 1605 1102 1657 καὶ
1123 1608 1265 1660 ratane
1279 1609 1368 1674 Χριοτι·
1400 1615 1401 1618 ’

175 1681 249 1735 uret.
285 1677 378 1732 iidem
402 1695 458 1748 per
487 1677 636 1732 inscitiam
665 1676 806 1748 appellati
837 1675 1010 1742 Chrestiani,
1044 1677 1096 1730 sed
1123 1685 1151 1731 et
1178 1686 1259 1732 antea
1279 1672 1368 1728 ludaei.
1400 1743 1401 1748 ἵ

176 1749 331 1806 Suetonius
358 1748 459 1802 Claud.
485 1750 529 1806 25.
572 1748 692 1804 ludaeos
720 1747 873 1816 impulsore
901 1745 1020 1802 chresto
1049 1747 1164 1802 meiius
1196 1748 1368 1802 innatantes
1400 1753 1401 1812 g

174 1821 265 1876 Roma
283 1820 401 1890 expulit.
437 1820 579 1874 Arrianus
598 1825 626 1887 3,
645 1824 672 1878 3.
699 1814 767 1874 ὅταν
789 1815 850 1874 τινὰ
876 1817 1132 1891 ἐπαμφοτερίζοντα
1157 1820 1271 1894 ἴδωμεν,
1287 1816 1369 1873 eliis-
1400 1857 1401 1866 .

173 1909 228 1964 μον
244 1891 345 1962 λέγειν,
365 1889 417 1946 οὐκ
434 1890 510 1944 ἔστιν
524 1887 669 1958 Ἰουδαῖος,
699 1889 757 1945 llll'
776 1885 960 1964 ὑποκρίνεται.
983 1886 1052 1944 ὅταν
1075 1889 1226 1965 δ’ἆνολὰῥῃ
1246 1887 1275 1946 si
1299 1882 1370 1946 silet
1400 1935 1401 1962 ,

173 1959 205 2018 τὸ
223 1965 272 2018 τοῦ
288 1963 464 2036 βεβαμμένου
484 1961 645 2086 (baptizati,
669 1961 844 2030 Christiani)
870 1963 918 2014 καὶ
942 1957 1092 2035 ᾑρημένου,
1122 1959 1186 2018 τότε
1208 1965 1253 2016 καὶ
1274 1959 1369 2026 letati

173 2028 234 2089 ὄντι
257 2037 305 2088 καὶ
328 2037 449 2088 καλεῖται
471 2029 526 2088 'Iov
546 2035 637 2093 σῖος.“
662 2033 742 2104 Lips.
787 2032 836 2088 Sis
861 2049 976 2106 quoque
1003 2033 1206 2090 Tertullianus
1233 2034 1303 2106 spel
1320 2031 1370 2086 ads.
1400 2045 1401 2094 t

212 2113 276 2160 ntes
295 2124 319 2162 ο.
339 2109 365 2163 3.
400 2113 430 2159 et
454 2106 622 2160 Lactantius
647 2106 716 2160 inst.
742 2109 768 2173 1,
786 2111 814 2172 4,
833 2107 858 2162 7.
887 2109 914 2172 4,
934 2107 961 2173 7,
980 2107 1009 2162 5.
1027 2106 1156 2174 natant,
1192 2103 1328 2160 cerisium
1348 2109 1370 2156 et
1400 2109 1401 2158 ᾗ

197 2177 357 2232 hristianoa
383 2176 504 2231 Graecis
526 2175 722 2248 Romanisque
743 2178 862 2230 nomine
886 2177 950 2230 illis
978 2177 1126 2232 usitatiori
1151 2176 1297 2250 Circeium
1319 2173 1370 2245 (qs.
1400 2187 1401 2208 ³

168 2243 303 2322 χρηστόν,
332 2247 493 2324 benignum
517 2265 539 2301 s.
563 2245 700 2318 probum)
734 2255 764 2302 et
791 2246 978 2302 circationes
1003 2249 1096 2304 tuisse
1123 2249 1229 2306 dictos.
1273 2248 1372 2302 Constat
1400 2257 1401 2268 *

173 2322 274 2385 etiam,
290 2319 436 2392 plurimos
455 2318 691 2373 Christianorum
709 2326 781 2372 tuno
805 2321 947 2390 temporis
968 2319 1102 2374 viventes
1127 2329 1214 2376 antea
1231 2319 1315 2392 fuisse
1334 2317 1372 2368 lu·
1400 2295 1401 2356 1

172 2391 266 2447 daeos.
290 2390 360 2446 Sed
376 2389 527 2446 Broterius
546 2388 581 2444 ad
597 2389 628 2443 h.
648 2391 719 2446 l.·et
736 2391 890 2445 Ernestius
909 2392 945 2444 ad
962 2388 1215 2450 suetonium.
1236 2392 1292 2445 iam
1307 2394 1373 2442 reate
1400 2443 1401 2446 Ἴ

172 2470 313 2517 notarunt
331 2479 446 2516 errores
464 2477 576 2532 eorum,
607 2464 659 2533 qui
682 2463 771 2518 rerba
793 2462 912 2517 Arriani
936 2465 963 2529 1,
982 2463 1027 2518 33.
1047 2465 1074 2528 3,
1092 2465 1120 2519 3.
1144 2470 1177 2518 et
1201 2463 1291 2518 edicta
1311 2461 1372 2528 lmp-
1400 2481 1401 2486 ¹

172 2533 298 2600 Claudii,
317 2541 382 2587 tum
399 2533 482 2605 prius
501 2533 537 2588 de
555 2534 767 2589 conventiculis
786 2541 821 2588 et
848 2534 1004 2612 synagogis
1028 2551 1074 2604 ap.
1094 2533 1181 2590 Dion.
1207 2536 1252 2600 66,
1269 2535 1295 2589 6.
1320 2539 1373 2582 tun
1400 2545 1401 2586 t

193 2605 317 2660 osterius
343 2604 380 2660 de
407 2604 578 2676 expulsione
602 2605 775 2660 ludaeorum
801 2623 846 2676 ap.
872 2604 950 2659 Suet.
975 2605 1076 2659 Claud·
1101 2607 1146 2662 36.
1177 2613 1208 2661 et
1231 2607 1330 2658 Lucam
1349 2602 1374 2654 in

170 2624 254 2732 ictis
272 2677 370 2747 spon.
390 2679 434 2744 18,
453 2679 479 2734 3.
500 2674 536 2730 ad
554 2675 737 2731 Christianos
754 2677 852 2748 potius
880 2693 965 2748 quam
989 2675 1026 2728 ad
1043 2677 1164 2730 ludaeos
1189 2679 1324 2740 referunt,
1350 2678 1374 2724 tt
1400 2725 1401 2744 .

171 2747 321 2803 Circeium
344 2743 521 2815 (hominem
546 2741 723 2802 Graeculum
748 2765 797 2802 seu
828 2747 1020 2820 peregrinum
1048 2765 1099 2802 seu
1128 2745 1310 2812 libertinum)
1336 2759 1373 2814 ep·
1400 2753 1401 2762 ¹

171 2821 249 2876 Suet.
269 2820 289 2874 1
309 2819 330 2870 1.
363 2816 509 2872 Christum
533 2819 624 2874 fuisse
651 2822 829 2890 opinantur,'
852 2820 961 2890 quippe
994 2817 1174 2888 quidudum
1194 2837 1231 2874 ex
1247 2815 1375 2871 historiis
1400 2829 1401 2854 ὲ

170 2908 204 2947 eo
223 2899 354 2961 tempore
373 2890 553 2945 discesserat.
576 2888 699 2960 spissos
717 2898 747 2946 et
762 2890 851 2961 paulo
868 2897 935 2960 post
951 2895 1025 2962 spus
1049 2890 1093 2947 sd.
1118 2887 1198 2960 Spir·
1223 2905 1277 2960 pro
1304 2884 1373 2941 ctn'-
1400 2887 1401 2938 l

169 2963 281 3017 stiones
304 2967 334 3014 et
358 2959 500 3015 cli-istus.
521 2989 555 3004 ·-·
590 2962 714 3017 nemisia
739 2963 819 3015 ciues
849 2961 882 3013 in
909 2961 967 3015 MS.
993 2959 1091 3017 Guelf.
1117 2961 1182 3014 cias
1209 2959 1332 3016 asininis.
1349 2983 1376 2994 -

103 3053 106 3062 ¹
173 3033 289 3088 Tiberio
312 3031 496 3102 imperitante
522 3029 599 3086 MSS.
627 3033 706 3090 Flor.
734 3033 819 3087 Corb.
845 3029 908 3086 edd.
934 3033 1011 3105 Spir.
1038 3033 1095 3089 lae.
1124 3031 1219 3088 Gron.
1244 3049 1303 3102 sqq.
1336 3026 1377 3097 pe

170 3104 234 3162 Tio.
254 3104 321 3171 imp.
340 3103 418 3158 MSS.
437 3103 521 3159 Harl.
540 3102 620 3159 Bodl.
639 3105 693 3161 ies.
712 3104 785 3158 liud·
805 3104 904 3158 Caeli.
923 3112 954 3159 et
972 3103 1039 3160 add.
1054 3112 1110 3158 eet.
1144 3104 1248 3170 „illud
1265 3101 1311 3174 qai
1327 3115 1376 3152 sae·

170 3179 237 3250 pius
261 3175 337 3230 mals
360 3175 478 3230 additur
501 3175 533 3228 in
559 3185 631 3230 vett.
650 3175 744 3234 libris.
771 3173 817 3228 Ci.
836 3174 872 3228 ad
889 3174 925 3232 tt.
946 3179 972 3240 l,
991 3178 1035 3230 77.
1054 3179 1082 3242 3,
1101 3177 1144 3232 47.
1163 3179 1192 3242 4,
1211 3173 1263 3233 ὅ,“
1283 3167 1375 3227 tratti.
1400 3189 1401 3196 ¹

171 3281 206 3294 -
223 3263 278 3317 per
292 3253 502 3315 possesionem
520 3237 559 3311 (i.
580 3248 615 3303 ad
633 3250 661 3315 4,
681 3249 725 3313 16,
744 3246 784 3313 3.)
803 3245 924 3301 iudaeae
943 3247 1014 3312 (non
1034 3245 1148 3317 Syriae,
1175 3255 1212 3300 ut
1229 3247 1300 3300 dicit
1316 3242 1376 3296 'ier-

170 3307 239 3372 tuit.
257 3318 335 3388 apol.
354 3319 412 3386 31.)
431 3326 460 3372 et
477 3317 595 3387 quidem
614 3321 765 3390 quintum:
790 3334 856 3371 nam
881 3325 1005 3388 quatuor
1023 3319 1138 3388 priores
1160 3320 1282 3372 fuerant
1298 3315 1378 3385 Copo-

170 3389 249 3456 nius,
268 3389 307 3440 M.
326 3388 489 3456 Ambivius,
518 3389 631 3443 Annius
649 3391 742 3443 Rufius
770 3397 799 3443 et
816 3387 949 3443 Valerius
968 3388 1085 3442 Gratus.
1121 3387 1237 3442 Pilatus
1254 3388 1377 3441 missust

170 3460 289 3516 Tiberio
307 3476 381 3514 anno
401 3461 519 3531 imperii
537 3457 615 3516 xm.
633 3469 701 3532 post
724 3467 839 3515 exactos
864 3461 995 3514 muneris
1019 3459 1065 3513 sui
1088 3458 1166 3514 mele
1189 3461 1269 3535 gesti
1292 3458 1377 3512 desem
1400 3475 1401 3486 ²

171 3548 261 3588 annos
279 3550 297 3585 a
312 3531 435 3586 Vitellio
460 3530 563 3601 Syriae
586 3530 720 3604 praeside
741 3538 839 3585 motus
863 3538 907 3586 est
929 3531 1030 3585 officio
1058 3537 1088 3586 et
1104 3531 1229 3585 Romam
1246 3524 1379 3606 purgandi

172 3606 218 3659 sui
236 3621 320 3657 eausa
338 3605 382 3658 ire
401 3603 504 3667 iussus,
532 3601 636 3656 deinde
659 3601 830 3678 aCaligula
853 3602 886 3656 in
911 3602 1048 3657 exsilium
1070 3602 1181 3684 pulsus.
1209 3602 1257 3658 Ci.
1277 3597 1377 3668 loseph·

172 3677 204 3730 Α»
224 3675 249 3728 1.
270 3676 313 3740 13,
331 3677 349 3732 3
367 3691 429 3744 sqq.
447 3671 553 3730 Euseb.
572 3671 640 3731 hist.
660 3673 732 3730 ecel.
751 3676 779 3740 3,
799 3675 825 3728 7.
843 3675 870 3728 3.
891 3705 923 3718 ·-
960 3672 1124 3728 exitiabilis
1141 3673 1316 3743 superstitio,
1345 3669 1377 3721 oi·

171 3749 217 3808 13,
234 3747 279 3802 33.
300 3753 330 3800 et
347 3745 423 3797 Ptin.
443 3761 488 3815 ep.
507 3747 551 3809 16,
570 3746 615 3802 37.
651 3744 781 3798 exitialis
805 3743 887 3798 MSS.
914 3747 978 3798 Vat.
998 3743 1083 3798 Corb.
1104 3775 1138 3787 ·-
1173 3761 1290 3798 rursum
1311 3737 1379 3794 MSS.

88 3870 90 3880 .
172 3818 253 3873 Flos.
271 3819 357 3884 (teste
374 3817 465 3880 vict.)
484 3815 569 3871 Corb.
589 3816 652 3872 edd.
680 3813 759 3886 Spir.
783 3811 899 3872 walth.
935 3831 1036 3869 rursus
1062 3813 1120 3873 MS.
1147 3814 1304 3872 Cassii-et
1325 3810 1378 3866 edd·
1400 3807 1401 3864 ζ

170 3888 225 3944 rel.
245 3921 278 3961 .-
314 3887 453 3959 antiques
471 3886 504 3941 in
523 3885 884 3959 1136611666-
918 3887 1107 3954 celebrantur,
1133 3905 1151 3941 a
1167 3887 1272 3941 multis
1289 3899 1401 3958 perpe

171 3963 298 4014 trantur.
442 4001 446 4008 .
987 3965 991 3981 ¹

242 4035 269 4088 3.
288 4028 389 4100 Igitur
402 4029 526 4100 primum
542 4027 620 4084 MSS.
639 4027 719 4086 Flor.
737 4029 808 4083 Bud.
833 4025 897 4084 edd.
922 4027 1001 4100 Spir.
1020 4027 1136 4086 Waltla.
1172 4027 1274 4096 igitar
1296 4025 1381 4095 prino

171 4101 232 4157 MS.
251 4101 355 4170 Gueli.
370 4108 400 4156 et
419 4100 482 4158 edd.
501 4109 558 4156 eet.
577 4133 611 4146 -
647 4101 763 4155 driades
780 4100 813 4154 in
830 4099 889 4156 MS·
908 4099 993 4156 Corb.
1013 4101 1088 4157 dein.
1108 4127 1142 4142 -·
1176 4097 1258 4154 laud
1271 4096 1383 4170 perinde

171 4174 230 4230 MS.
250 4173 348 4228 Guets.
368 4171 431 4227 edd.
449 4171 541 4228 Rhen.
560 4174 588 4228 3.
606 4175 633 4229 3.
652 4189 714 4244 sqq.
750 4169 827 4226 isael
840 4171 963 4242 proinde
981 4171 1043 4229 edd.
1063 4171 1142 4245 Spir.
1161 4171 1227 4228 Put.
1239 4177 1267 4228 1.
1279 4173 1306 4227 3.
1323 4167 1380 4247 Ber:

172 4245 321 4314 (adquam
339 4243 424 4297 siluit
440 4240 533 4309 Viot.)
550 4241 642 4299 Rhen.
663 4248 687 4299 l.
706 4241 823 4298 Walth.
842 4243 921 4314 qtsod
944 4242 978 4297 ab
1000 4241 1031 4296 h.
1051 4242 1072 4300 1.
1097 4243 1231 4300 alienum
1255 4249 1310 4308 est,
1338 4235 1382 4291 ubi

173 4315 308 4391 iungitur
325 4329 391 4370 eum
415 4329 506 4385 quem
524 4331 554 4369 v.
572 4314 609 4370 ad
624 4317 652 4383 3,
672 4316 716 4383 1⁷,
736 4317 763 4371 1.
781 4313 832 4370 sed
849 4316 887 4372 ci.
905 4313 942 4370 ad
959 4315 994 4373 G.
1013 4313 1040 4374 6.
1058 4331 1088 4368 n.
1107 4317 1134 4375 8.
1154 4321 1182 4369 et
1200 4311 1240 4370 ad
1256 4316 1327 4392 Agr.
1345 4312 1382 4366 lt.
