2800 4790
168 233 316 300 CAPUT
337 231 479 300 XXXII.
501 229 664 300 XXXIII·
687 231 740 314 (Δ.
751 231 791 300 U.
802 233 875 304 810.
896 233 936 298 A.
948 232 1065 317 (1.97.)
1158 234 1222 303 119

20 385 130 464 apntclo
144 390 256 448 itomae
273 405 350 446 anuo
439 390 518 446 riore
534 390 717 463 praedicatae
736 395 766 446 et
782 385 987 460 superstitionis
1006 389 1128 446 nomine
1145 387 1223 444 inta-

21 461 286 535 cancellarios.
308 465 353 529 15,
408 461 508 522 .l’liu.
527 480 572 548 ep.
592 465 638 529 19,
655 467 699 521 97.
724 461 804 518 Suet.
831 461 902 517 Ner.
922 463 966 520 19.
1002 459 1075 516 Acta
1100 457 1155 532 Ap.
1174 464 1221 530 18,

21 539 158 600 2.15,1e.
195 533 347 603 „Pulchre
371 541 402 589 et
425 552 462 589 ex
484 549 552 590 verr
578 532 666 604 adyto
691 531 794 589 Strabo
822 531 844 587 l.
863 534 928 589 vn.
946 549 978 605 p.
996 533 1058 590 29⁷.
1090 527 1224 596 Ἅπαντες

21 609 53 672 τῆς
66 607 288 678 δεισιδαιμονίας
305 601 443 694 ἀρχηγοὺς
460 606 566 659 olorem
582 601 630 666 τὰς
646 610 790 676 γυναῖκας.
809 593 891 658 οὗτοι
915 601 947 658 ei
965 600 1091 666 καὶτοὺς
1117 597 1224 676 ἄνδρας

22 681 209 746 προκαλοῦνται
223 674 294 746 πρὸς
310 695 360 738 τας
376 677 510 732 intutior
524 679 674 748 θεραπείας
691 677 747 732 aer
762 681 840 731 θεῶν
854 678 904 730 ’καὶ
921 671 1016 748 ἑορτὰς
1033 678 1222 730 uolneraren-

21 745 77 810 eoie.
101 745 228 803 σπάνιον
249 745 304 802 οέ1
323 766 363 809 τις
387 744 458 819 ἀνὴρ
485 743 634 802 miniada
657 749 711 812 ζῶν
743 743 1064 820 &praeeuntcarcere
1088 748 1166 815 tipo.
1187 777 1223 790 -

21 823 94 876 urite·
110 822 220 876 iudicio
235 820 380 889 perne'ean,
398 821 473 889 iepue
489 817 582 890 priore
598 819 725 874 instituto
753 847 786 860 -
813 821 952 887 cognonit,
977 835 1006 873 v.
1030 819 1067 874 ad
1083 823 1112 888 9,
1130 820 1176 886 69,
1194 819 1223 876 1.

21 901 41 945 et
55 893 84 950 G.
104 896 153 950 19.
174 911 203 948 n
219 895 245 950 5.
270 923 304 935 -
324 901 351 945 et
362 893 496 946 ,intentent
522 907 608 946 cauea
626 892 744 968 cognita
761 897 908 964 repertam
931 907 995 947 eene
1016 891 1153 945 οοοιίοοίι
1179 907 1224 944 ee·

20 967 92 1030 ortui,
113 965 167 1036 qni
187 965 248 1020 eine
273 962 381 1016 iudicio
408 981 488 1018 ream
516 963 701 1034 permiserat.
739 961 863 1018 Fruetro
884 964 945 1018 riri
967 962 1047 1018 docti
1071 961 1225 1016 coniecere

19 1037 196 1100 pernecavit,
216 1032 414 1105 (quodetiam
431 1034 554 1088 Ursinus
573 1035 605 1086 in
623 1043 682 1087 ret.
702 1033 764 1088 cod
783 1033 869 1111 legit)
895 1034 1046 1087 enuntiavit
1069 1039 1100 1088 et
1117 1032 1226 1086 indico·

21 1105 55 1156 u‘t.
72 1131 99 1144 -
121 1105 203 1158 lecte:
221 1106 254 1156 in
272 1104 316 1158 ed
335 1103 504 1175 Spin-binc.
530 1103 623 1170 Benee
645 1105 753 1160 Wclet.
779 1135 812 1149 —
838 1111 899 1172 poet
916 1105 1015 1158 tettan
1032 1103 1122 1158 Druei
1139 1103 1226 1170 tiliam
1275 1117 1279 1128 ·

21 1175 175 1240 iuuieeton
199 1173 262 1226 dole
285 1173 468 1240 Meeoulinoe,
496 1189 554 1246 quo
579 1175 667 1228 etiam
687 1177 782 1230 oecion
799 1175 878 1230 Iulia
901 1175 1072 1232 Germtnici
1098 1173 1170 1228 fllia.
1194 1192 1224 1231 r.

20 1243 62 1299 Dio
76 1251 120 1312 tt,
140 1248 167 1304 8.
187 1247 231 1301 le.
251 1243 331 1300 suec
350 1245 452 1300 Claud.
472 1246 515 1302 19.
546 1271 580 1285 ·-
599 1261 652 1314 per
669 1247 724 1300 XL
741 1247 948 1315 onnoe-egit,
971 1247 1057 1303 vixit
1078 1245 1123 1303 cf.
1143 1244 1226 1314 adl,

20 1318 55 1382 te,
72 1324 94 1374 l·
128 1331 181 1386 ptr
199 1317 396 1384 mammonin
414 1331 500 1370 oenoe
517 1331 595 1375 corr.
613 1315 739 1387 Lipeiue,
800 1319 826 1374 'a
845 1317 921 1373 lulio
939 1337 963 1372 a.
978 1318 1014 1373 U.
1033 1321 1095 1376 tet.
1114 1325 1225 1372 necata.

21 1388 64 1441 Sed
78 1405 164 1443 nanee
180 1387 341 1465 designari,
359 1388 410 1460 qui
429 1387 615 1444 effluxieeent
632 1407 648 1444 a
667 1388 752 1444 caede
792 1391 859 1444 uina
869 1390 962 1445 Iuliae
984 1405 1076 1460 neque
1093 1388 1130 1444 ad
1147 1403 1227 1446 mon·

22 1467 68 1512 tem
82 1459 258 1531 Pomponiae
277 1459 437 1515 Greecinae
462 1460 592 1515 feminae
616 1459 785 1537 longaevae,
816 1463 875 1516 iam
901 1468 1081 1517 motarent
1103 1460 1166 1515 alii.
1190 1491 1226 1506 -

21 1529 87 1598 idere
104 1531 152 1584 ilii
169 1561 204 1576 -
223 1531 329 1600 inpane
354 1531 409 1598 feeit
432 1538 459 1586 et
476 1545 537 1584 nox
560 1530 599 1585 od
614 1531 732 1598 gloriam
750 1534 837 1588 vertit
855 1550 897 1602 ee,
920 1533 972 1600 (ci.
992 1531 1027 1587 ad
1043 1533 1071 1596 9,
1090 1533 1131 1596 a.)
1158 1531 1224 1586 ecil.

22 1601 171 1724 oBtt’lentii
196 1601 340 1658 virumn
364 1609 394 1660 et
419 1603 619 1662 Britannicam
649 1603 865 1676 expeditionem
894 1619 964 1662 mox
996 1601 1226 1676 euecipiendame

408 1761 432 1818 0
450 1761 476 1818 Α
493 1762 514 1818 l'
532 1761 560 1818 U
577 1761 603 1818 'l'
653 1763 822 1858 xxxiii.

87 1868 179 1934 idem
199 1889 305 1934 annua
331 1871 445 1954 plures
472 1891 549 1936 reor
577 1870 705 1952 hebuit,
733 1894 877 1958 quorum
897 1873 934 1942 Ρ.
956 1871 1110 1940 Celerem
1130 1891 1229 1938 eccu-

22 1961 98 2016 eaute
117 1955 208 2032 em,
232 1957 311 2038 quia
321 1955 493 2018 absolvere
506 1957 665 2040 nequibat
678 1953 813 2039 Caesar,
836 1960 952 2039 traxit,
966 1956 1109 2022 'renecti
1120 1955 1228 2020 denec

23 2047 146 2100 nortem
177 2037 306 2102 obirata
337 2057 415 2100 nam
443 2036 542 2102 Celer
575 2041 770 2120 interiecto,
802 2049 843 2105 ut
874 2043 1079 2121 memoravi,
1112 2039 1228 2103 Silano

22 2121 205 2198 proconeule
224 2118 455 2210 magnitudine
476 2122 611 2188 sceleris
633 2131 746 2188 cetere
766 2125 894 2212 flagitia
915 2109 1104 2214 obtegebat.
1124 2157 1126 2164 ι
1149 2119 1229 2186 Coe-

21 2205 171 2267 eutieuum
198 2203 397 2288 Capitonem
425 2202 545 2268 Cilices
574 2203 766 2271 detulerant
790 2207 999 2272 maculosum
1028 2205 1229 2289 foedumque

21 2293 48 2346 et
69 2287 152 2352 idem
180 2291 234 2352 ine
259 2287 418 2352 audaciae
439 2290 475 2350 in
496 2290 673 2372 provincia
694 2300 818 2374 ratum,
848 2291 937 2375 quod
963 2293 1001 2354 iu
1020 2289 1112 2354 Urbe
1134 2309 1229 2352 exer-

22 2381 129 2438 cuerat.
176 2369 244 2434 Sed
263 2372 433 2455 pervicaci
455 2375 665 2437 accusatione
687 2377 897 2438 conflictatus
924 2383 1093 2460 postremo
1116 2371 1230 2436 ‹leien-
1342 2385 1346 2401 '

21 2453 128 2518 sionem
159 2457 276 2518 omisit
302 2475 341 2518 ec
361 2457 433 2542 lege
453 2454 718 2538 repetundarum
738 2457 911 2522 damnatus
933 2467 992 2542 eet.
1036 2458 1103 2519 Pro
1123 2456 1229 2541 Eprio

22 2533 182 2617 llarceilo,
208 2559 229 2600 a
250 2556 315 2622 quc
335 2539 436 2621 Lycii
457 2558 512 2602 res
533 2540 740 2623 repetebant,
768 2559 809 2610 ec
834 2560 940 2622 neque
966 2539 1110 2603 ambitur
1131 2559 1229 2622 pree·

22 2621 120 2702 veluit,
149 2633 190 2684 ut
218 2621 351 2706 quidem
379 2629 610 2685 accusatorum
637 2625 711 2689 eine
737 2625 855 2689 exeilio
875 2625 1132 2704 mulctarentur,
1154 2632 1229 2685 ten·

22 2721 101 2781 qnam
120 2703 247 2770 insonti
268 2707 457 2790 periculum
478 2707 645 2772 iecissent.

78 2827 100 2878 l.
118 2824 191 2878 iden
209 2839 295 2878 mnae
310 2825 404 2892 pterea
421 2839 483 2878 rece
498 2822 603 2891 tabuit,
622 2826 661 2883 ci.
680 2823 744 2882 lud.
761 2823 804 2882 Π.
821 2843 851 2879 τ.
870 2825 976 2882 eam.
1000 2850 1030 2864 -
1057 2822 1090 2879 Ρ.
1111 2822 1231 2876 Celerem

20 2903 148 2948 amunte
166 2894 239 2950 Ario
256 2893 300 2961 (v.
320 2913 381 2967 cap.
402 2897 441 2960 1.)
459 2929 493 2940 -
525 2897 624 2963 traxit,
649 2898 807 2968 protraxit,
824 2897 947 2971 proprie
965 2896 1179 2952 recreationem
1199 2902 1231 2950 et

22 2959 219 3022 damnationem
237 2967 309 3022 eiua.
328 2994 362 3010 υ
398 2975 428 3021 nt
445 2968 587 3022 memorati
605 2983 666 3040 cap.
686 2973 712 3024 1.
1229 2975 1239 2991 *

75 3039 99 3094 1.
129 3037 316 3091 Certationem
341 3038 509 3106 Capitonem,
533 3058 562 3097 r.
583 3039 618 3093 ad
636 3043 692 3105 1Ι,.
700 3041 726 3095 e.
748 3045 822 3094 extr.
842 3072 876 3084 -
914 3039 1076 3106 detulerunt,
1099 3055 1128 3096 v.
1148 3035 1184 3091 ad
1203 3041 1229 3104 1,

20 3107 95 3170 11,1.
114 3136 149 3147 -
183 3110 457 3177 mutulorumutll.
480 3112 550 3177 1,1.
570 3113 661 3178 neo.
697 3109 859 3164 molitionum
878 3109 922 3164 ed.
941 3111 1019 3182 Spir.
1039 3143 1072 3154 -
1105 3109 1168 3174 lege
1185 3124 1230 3163 re-

19 3179 176 3242 petendorum
194 3178 237 3246 (v.
257 3179 292 3234 ad
311 3185 336 3247 1,
355 3179 413 3248 14.)
432 3183 572 3235 damnatae
590 3189 644 3250 eet,
662 3190 760 3236 motus
783 3183 887 3237 ordine
906 3181 1061 3249 senatorio,
1088 3181 1143 3235 etei
1162 3197 1231 3258 gra-

20 3251 118 3304 viorem
141 3267 265 3322 poenam
291 3253 426 3310 tueritne.
454 3252 499 3308 ct.
520 3256 564 3320 14,
582 3256 626 3311 48.
647 3285 679 3298 -·
717 3253 804 3321 Eprio
830 3254 981 3320 Marcello,
1007 3251 1043 3308 de
1068 3267 1126 3322 quo
1146 3269 1174 3307 v.
1194 3251 1231 3306 ad

21 3323 55 3382 12,
72 3325 96 3378 4
114 3332 188 3377 extr.
210 3355 243 3366 -
263 3339 281 3375 o
299 3339 349 3392 qao
366 3323 451 3395 Lycii
468 3340 513 3378 rec
530 3324 695 3393 repetebant,
718 3341 746 3381 a.
767 3325 803 3380 ad
821 3329 849 3393 1,
867 3326 910 3382 14.
930 3341 949 3378 o
967 3341 1016 3394 proc
1033 3322 1154 3389 Ligures
1170 3337 1228 3390 rep.

20 3389 65 3444 iis.
89 3395 160 3472 Agr.
187 3394 267 3466 quod
289 3413 393 3450 verum
421 3395 541 3452 Heinsio
565 3398 672 3452 vuum.
709 3396 825 3467 „Lycio
848 3415 866 3452 ι
892 3394 1014 3452 claudio
1041 3393 1230 3468 Pamphyliae

20 3461 150 3520 adiuncta.
168 3481 195 3521 v.
214 3465 271 3522 Ilio
288 3469 335 3534 oc,
353 3466 418 3525 11.ιι
442 3469 529 3540 lipct.
1174 3485 1178 3490 ·

407 3619 623 3678 cetur·
653 3622 828 3680 XXle.

87 3728 225 3794 Nerone
253 3733 393 3800 tertium
427 3733 564 3796 coueule
595 3731 696 3796 eimul
722 3733 802 3795 iniit
833 3729 1044 3793 consulatum
1069 3729 1230 3794 Valerine
1330 3764 1333 3771 ·

22 3803 162 3886 baala,
183 3815 278 3878 cuius
299 3837 464 3900 proavum
486 3823 657 3880 oratorem
678 3813 864 3880 Corvinum
884 3813 927 3877 D.
948 3813 1102 3901 Augusto
1123 3813 1230 3878 abavo

22 3889 155 3958 Neronia
182 3899 344 3987 collegam
370 3902 408 3962 in
434 3919 475 3963 eo
507 3900 708 3984 magistratu
741 3900 859 3977 iuiaeo,
891 3898 991 3978 pauci
1019 3899 1086 3958 iam
1113 3915 1231 3961 senum

22 3981 242 4044 meminerant:
272 3983 331 4047 aed
366 3984 473 4046 nobili
505 3983 653 4046 familiae
685 3983 805 4046 honor
822 3988 940 4043 euctue
969 3988 1020 4044 eet
1046 3979 1167 4043 oblatio
1194 3979 1232 4040 in

23 4061 159 4148 οἰοςοΙοε
180 4084 282 4128 annm
304 4068 480 4154 quingenis
501 4067 677 4146 eaeterfiie,
698 4065 818 4150 quibua
836 4062 981 4132 Mceeela
999 4069 1231 4146 paupertatem

23 4139 179 4241 limiam
197 4157 411 4212 oneteuteret.
453 4151 594 4250 Aurelio
615 4165 744 4252 quoque
766 4145 884 4211 Cottae
906 4153 941 4209 et
961 4145 1105 4246 {luterio
1126 4145 1231 4208 Anto-

22 4243 87 4290 mno
114 4249 261 4296 munem
288 4235 466 4316 pecuniane
492 4239 612 4298 statuat
639 4233 811 4315 Princeps,
839 4249 990 4318 quemme
1022 4249 1085 4314 per
1114 4229 1231 4290 luxum

23 4312 113 4376 '¹5¹³'
134 4331 216 4394 ⁰1³⁰·
236 4313 460 4400 dieeipaeeent.
