2826 4792
163 181 206 280 so
546 207 787 276 mutumne
817 209 903 290 mu.
926 205 988 272 κε.

162 397 183 444 s
206 373 253 442 ud
273 377 394 458 socios,
423 375 507 440 nlbll
526 374 617 460 eliud
637 376 834 460 prolocutus
859 393 956 459 quam
978 372 1089 440 beclm
1109 373 1265 458 mondus
1283 373 1376 438 duces

195 467 340 526 omenes!
360 461 389 522 si
435 480 493 523 um
514 462 666 541 receptui
686 458 787 522 dedit.
831 457 877 546 Ut
897 465 1007 520 umen
1027 459 1124 520 miles
1154 461 1260 522 otium
1280 478 1376 523 exue·

162 555 228 624 ret,
248 545 339 607 inter
358 479 490 606 libbam
509 542 727 626 Rhenumque
755 541 861 605 trium
890 549 924 604 et
949 543 1074 630 viginti
1104 541 1251 604 millium
1272 542 1375 625 spatio

161 629 284 692 fossam
310 625 479 711 perduxit,
508 645 572 708 qna
600 628 730 688 incerta
757 623 881 686 Oceani
908 632 1116 688 vetarentur.
1159 623 1308 710 insignia
1328 632 1375 684 ta-

88 771 96 782 ,
161 731 238 774 men
260 708 422 792 triumphi
442 706 583 771 indulsit
603 707 736 786 Caesar,
759 708 908 790 quamvis
930 707 1054 770 bellum
1075 711 1270 796 negavisset.
1306 707 1376 770 Nec

82 813 88 827 ·
159 795 278 856 multo·
313 801 366 855 ost
386 790 524 854 Curtius
545 791 650 854 liuius
671 788 812 855 eundem
834 789 996 853 bonorem
1022 788 1229 874 adipiseitur,
1255 791 1311 872 qui
1340 792 1375 850 in

161 893 244 964 agro
306 877 428 937 attineo
451 874 635 936 recluserat
655 891 771 957 specus
794 873 989 956 quaerendis
1009 877 1105 935 renis
1124 875 1266 959 argenti,
1288 871 1374 936 unde

160 960 272 1024 lenuis
295 961 424 1020 fructus
447 977 507 1019 stac
528 959 564 1038 ip
589 957 724 1042 longum
752 958 825 1018 luit.
867 955 913 1018 At
940 957 1126 1044 legionibus
1153 975 1228 1017 cum
1256 953 1374 1016 damno

158 1037 265 1120 labor,
288 1047 321 1118 et
342 1037 457 1104 fodere
479 1041 571 1104 rivos
601 1059 750 1122 quaeque
780 1040 816 1100 in
837 1049 954 1122 aperto
982 1041 1098 1126 gravia
1130 1040 1268 1101 humum
1290 1039 1375 1099 inira

159 1125 285 1202 moliri.
329 1123 410 1188 Quis
432 1123 586 1185 subactus
608 1123 713 1201 miles,
736 1125 870 1203 etquis
891 1123 1002 1204 plures
1024 1141 1086 1205 per
1116 1122 1306 1206 provincias
1332 1123 1374 1182 si·

158 1207 254 1268 milia
275 1203 517 1283 tolerabantur,
539 1207 709 1287 componit
722 1205 868 1268 occultas
887 1205 1001 1268 literas
1019 1208 1153 1269 nomine
1172 1205 1375 1268 exercituum

158 1289 373 1372 precantium.
389 1287 640 1369 Imperatorem,
672 1295 723 1366 nt,
753 1289 872 1371 quibus
893 1290 1118 1371 permissurus
1146 1295 1233 1352 esset
1253 1287 1375 1349 exerci-

158 1377 225 1451 tus,
245 1370 464 1452 triumphalia
485 1377 562 1433 ante
582 1372 757 1433 tribueret.

230 1458 255 1511 1.
275 1453 428 1510 Corbuloni
445 1467 494 1506 eae
512 1452 768 1508 lileruelllS.Flor.
789 1459 819 1508 st
837 1452 881 1507 ed.
903 1451 997 1511 Bekk.
1017 1461 1052 1506 ut
1068 1455 1148 1511 nib.
1168 1441 1293 1512 ΟΜΝ.
1314 1449 1374 1507 edd.

71 1516 75 1525 ⁴
160 1529 215 1580 cet.
235 1525 279 1582 (li.
300 1525 336 1579 ad
352 1527 379 1582 ².
400 1527 444 1590 43,
465 1530 489 1581 1.
515 1525 719 1579 Corbulonr'cue
737 1523 757 1577 l.
777 1523 821 1580 ed.
842 1523 919 1598 Spir.
940 1555 973 1567 -
992 1525 1209 1592 effunderentur,
1237 1525 1276 1577 cl.
1297 1522 1332 1576 ad
1350 1527 1373 1588 1,

157 1597 203 1664 bb,
227 1599 254 1654 2.
297 1625 331 1636 -
364 1596 527 1666 prolocutus
553 1595 631 1653 MSS.
665 1593 767 1651 Guell.
794 1591 865 1655 llud.
894 1596 958 1651 edd.
986 1595 1063 1668 spir.
1090 1597 1183 1656 auen.
1211 1600 1239 1662 3,
1264 1600 1282 1652 3
1314 1613 1372 1664 sqq.

154 1669 316 1736 perloeulus
340 1667 402 1725 edd
427 1667 488 1722 Pnt
515 1672 539 1725 1.
559 1671 587 1725 3.
616 1667 681 1724 Ber.
709 1666 802 1722 llben.
827 1675 852 1726 l.
889 1667 1028 1724 Confusio
1051 1679 1114 1723 orta
1139 1687 1155 1725 e
1185 1683 1280 1738 comp.
1306 1668 1375 1718 scri·

155 1747 277 1810 pturss3
310 1738 413 1795 Wullll.
450 1767 483 1783 -—
520 1741 615 1795 beotm
640 1741 778 1812 quondam
804 1742 925 1806 (liberae
951 1740 1091 1812 reipubl.
1109 1738 1302 1812 temporibus)
1326 1737 1375 1789 du·

155 1827 204 1864 ees
220 1812 362 1866 Romanos
381 1811 442 1867 edd.
461 1829 520 1866 rae.
541 1831 577 1868 ex
596 1813 707 1866 emend
728 1812 821 1883 Lipsii
840 1812 942 1867 hausta
965 1831 1001 1868 ax
1027 1811 1124 1866 verbis
1143 1811 1244 1865 Dionis
1263 1813 1309 1874 tt,
1327 1811 1371 1864 33.

156 1871 328 1954 sinnaritanus
347 1885 375 1938 ol
391 1879 478 1936 neilus
502 1884 569 1938 ποτὲ
596 1879 837 1953 στρατηγήσαντες.
875 1885 1012 1955 quosdam
1028 1883 1105 1939 MSS.
1126 1883 1224 1938 Guelf.
1249 1881 1323 1938 Bud.
1347 1889 1375 1935 et

158 1951 221 2012 edd
243 1970 342 2011 omnes
361 1962 426 2008 ante
444 1953 522 2024 Lips.
542 1953 619 2026 quod
637 1954 769 2009 defendit
787 1954 878 2013 Satin.
899 1963 931 2009 et«
945 1957 1050 2010 retulit
1068 1956 1105 2012 nd
1122 1955 1245 2022 Sullam,
1274 1955 1374 2008 Caesa-

156 2041 229 2094 rem,
247 2027 417 2098 Pompeium
436 2023 565 2096 aliosque
579 2043 619 2080 ex
637 2025 759 2081 arbitrio
778 2025 855 2080 bella
872 2027 1045 2082 moderatos.
1072 2061 1104 2072 -
1127 2027 1165 2082 Ut
1187 2033 1277 2080 lumen
1296 2027 1375 2079 miles

108 2109 114 2130 ¹
155 2097 247 2151 olium
264 2103 376 2152 tranet
393 2104 448 2150 cet.
469 2097 507 2149 ci.
526 2097 563 2150 ad
581 2115 605 2152 c.
630 2100 668 2153 18.
689 2117 718 2154 n.
738 2101 763 2154 2.
784 2103 857 2164 etl,
875 2103 921 2165 35,
942 2103 966 2156 1.
997 2101 1034 2156 Ul
1051 2100 1108 2153 MS.
1128 2099 1168 2155 lle
1190 2140 1195 2154 .
1217 2098 1279 2154 edd
1300 2095 1373 2168 Spir.

155 2167 235 2222 Picb.
255 2177 284 2223 et
301 2185 359 2223 rec.
398 2167 480 2222 ldem
499 2171 664 2223 coniecerat
682 2170 807 2242 Lipsius,
868 2171 928 2226 iin
946 2189 1037 2250 marg.
1058 2172 1101 2230 ed
1124 2119 1200 2230 ibib.
1226 2168 1300 2224 baec
1326 2187 1374 2222 an-

155 2239 284 2295 notavit:
305 2239 372 2308 „Ad
391 2239 566 2294 sententiam
585 2240 705 2294 emendo
724 2247 769 2308 τις
795 2259 831 2296 ve
868 2260 922 2328 pro
949 2250 1061 2298 exunet
1086 2245 1181 2299 scribe
1206 2237 1375 2297 esermr.“

154 2309 286 2368 Piebeua
305 2313 367 2382 ipse
385 2309 469 2378 dicit,
488 2311 715 2368 emendationem
735 2331 797 2369 esse
815 2331 832 2368 a
849 2315 957 2386 Lipsio.
995 2315 1038 2370 Ne
1056 2322 1074 2368 t.
1094 2333 1132 2369 m.
1151 2315 1240 2368 otium
1265 2317 1374 2367 escuem

155 2381 268 2456 (pacem
288 2381 436 2451 turbaret)
454 2381 531 2437 MSS.
552 2383 649 2438 Guelf.
668 2384 741 2444 llud.
761 2385 846 2442 unul:
865 2386 918 2444 les.
939 2385 1001 2442 edd
1019 2388 1081 2444 Put.
1102 2393 1125 2444 1.
1145 2391 1172 2444 2.
1194 2395 1222 2442 et
1234 2393 1291 2443 cet.
1310 2395 1374 2439 ante

155 2452 234 2516 Picb.
255 2461 288 2507 ut
305 2462 336 2508 et
353 2454 456 2508 lliessl.
497 2454 535 2511 Vt
557 2455 613 2508 MS.
639 2457 720 2512 Flor.
749 2457 827 2528 quod
850 2476 917 2512 cum
940 2464 973 2511 ut
1000 2459 1139 2515 confundi
1159 2460 1252 2513 solere
1271 2458 1373 2512 docent

154 2524 245 2581 Drak.
265 2525 301 2580 ad
318 2527 382 2580 Lir.
402 2529 429 2600 d,
450 2529 493 2585 bl·
514 2535 544 2582 et
562 2527 629 2596 alii,
647 2531 717 2582 Erre.
746 2557 779 2568 -
802 2529 877 2582 inter
901 2531 1015 2584 Mosam
1039 2531 1216 2602 meumque
1241 2531 1327 2582 trium
1349 2535 1374 2583 et

153 2593 263 2667 uiginti
279 2597 401 2652 millium
415 2615 551 2667 passuum
568 2601 660 2670 spatio
678 2602 785 2668 sorsum
800 2602 935 2669 perduxit
952 2601 1088 2669 Corbulo,
1113 2611 1148 2657 ut
1165 2619 1209 2674 ap.
1230 2600 1316 2658 Dion.
1331 2606 1373 2668 tt,

153 2673 199 2758 ³⁰0⁸
219 2663 400 2742 διετάφρευσε
423 2677 481 2760 (τᾶν
498 2668 528 2760 qb
546 2669 648 2741 μεταξὺ
667 2673 715 2725 τοῦ
733 2691 763 2727 τε
778 2668 873 2759 Ῥήνου
891 2675 1004 2727 καὶτοῦ
1021 2669 1123 2728 Μὸσου
1141 2674 1270 2760 eruitque
1298 2673 1374 2738 illda-

153 2741 1374 2888 ttttttittlttf‘llttsst't‘ttalbittttttlttllt‘tffill:

154 2885 224 2940 lieri
242 2885 356 2955 capias,
375 2883 454 2956 Lipa.
491 2885 640 2952 „Ortelius
658 2885 734 2941 hauc
752 2886 920 2941 Corbulonis
943 2891 1050 2956 fossum
1077 2907 1138 2945 esse
1151 2889 1280 3015 pptabat
1304 2890 1373 2942 Lec-

128 2965 219 3012 ‘cam
241 2956 413 3012 Holiandise
436 2957 569 3021 durium,
597 2975 613 3012 e
635 2957 736 3012 Rheno
759 2957 846 3029 paulo
871 2977 958 3030 supra
983 2962 1122 3034 oppidum

153 3027 373 3084 descendentem
392 3031 480 3102 inque
498 3029 605 3084 Mosam
624 3029 700 3102 apud
716 3047 825 3108 pagum
842 3031 979 3100 Krimpeu
998 3050 1028 3087 se
1047 2962 1251 3088 exoneranbbiu
1262 2961 1373 3087 ῒξῑξὲιῐιῃ

68 3135 77 3142 -
153 3107 271 3172 temque
289 3100 321 3154 in
339 3098 390 3152 lon
413 3101 526 3155 itudine
548 3099 616 3173 plus
644 3103 742 3155 minus
766 3109 831 3156 octo
858 3102 999 3157 milliaria
1017 3107 1174 3161 nostratia:
1201 3123 1274 3176 quae
1298 3109 1373 3158 fossa

153 3172 189 3227 sb
208 3171 308 3226 eodem
327 3171 360 3224 in
403 3173 476 3258 elgii
493 3175 602 3230 veteris
620 3173 730 3226 Tabula
748 3174 859 3229 dicitur
876 3173 971 3229 Rheni
992 3174 1091 3230 alveus
1116 3176 1196 3232 inter
1213 3175 1372 3232 Bntarodu-

153 3259 223 3296 rum
243 3259 264 3296 s.
282 3239 490 3298 Durostadrum
509 3253 539 3300 et
556 3245 700 3299 Merovaei
718 3248 832 3300 fossam.
856 3247 934 3300 Huic
952 3248 1111 3302 sententiae
1130 3248 1239 3302 acriter
1256 3256 1372 3301 eontra·

153 3311 231 3369 dixit
250 3313 406 3368 Cluverius
426 3315 461 3370 de
479 3315 571 3370 tribus
588 3315 683 3370 libeni
701 3316 792 3371 alveis
819 3335 845 3374 e.
864 3319 891 3374 b.
911 3326 941 3372 et
958 3319 1056 3374 Germ.
1082 3328 1140 3375 ant.
1160 3323 1187 3386 2,
1207 3323 1250 3376 31.
1278 3317 1370 3371 tribus

151 3386 334 3462 argumentis
360 3394 455 3452 utens,
483 3386 621 3458 equibus
650 3397 747 3442 nmen
767 3387 860 3444 solum
887 3389 1043 3445 secundum
1063 3407 1124 3444 eam
1150 3391 1303 3446 destruere
1327 3388 1371 3439 vi·

151 3455 249 3524 detur,
269 3455 348 3528 quod
364 3458 444 3512 inter
462 3457 678 3513 Batavodurum
696 3469 761 3531 etp
800 3479 850 3514 um
868 3461 1009 3533 Krimpen
1033 3462 1170 3517 distantia
1197 3465 1236 3517 sit
1258 3469 1370 3516 tantum

124 3585 131 3599 .
151 3527 226 3582 m
242 3527 373 3582 millium
390 3547 536 3600 passuum.
573 3531 629 3598 Qui
647 3532 738 3586 nodus
758 3548 788 3586 so
802 3534 833 3585 ri
851 3534 971 3607 poterit,
996 3534 1022 3588 si
1040 3538 1117 3588 fossa
1142 3529 1215 3590 baec
1238 3552 1255 3589 e
1272 3533 1370 3587 Rheno

151 3598 229 3671 apud
246 3599 462 3655 Batavodurum
480 3600 565 3656 ducta
584 3618 644 3656 non
662 3621 695 3656 us
739 3621 754 3658 a
772 3605 807 3659 sd
826 3605 1002 3660 conduentes
1020 3607 1115 3660 Mosae
1138 3615 1167 3662 et
1185 3608 1293 3662 Laecae
1312 3606 1369 3657 sive

122 3685 125 3696 ·
150 3687 259 3747 pagum
278 3668 430 3743 Krimpen,
450 3673 500 3726 sed
518 3673 658 3727 duntaxat
680 3693 696 3727 s
736 3676 838 3730 vicum
856 3679 965 3732 Leecae
983 3679 1118 3734 sinistrae
1145 3675 1226 3750 ripae
1252 3676 1370 3760 imposi-

68 3797 73 3804 ,
152 3750 226 3810 tum,
244 3743 293 3796 eui
311 3743 483 3798 vocabulum
502 3744 675 3802 Lexmonda.
712 3747 753 3800 Ut
772 3749 812 3802 ita
832 3751 964 3816 sentiam,
983 3750 1078 3804 tribus
1103 3750 1227 3805 inducor
1249 3751 1369 3804 rationi·

151 3812 214 3869 bus.
247 3814 357 3899 ¹Prima,
377 3814 487 3886 quoda
506 3815 633 3870 divortio
651 3817 738 3872 buius
765 3821 858 3876 fossae
877 3820 912 3874 ad
930 3821 1123 3876 Lexrnoudnm
1149 3823 1187 3876 sit
1209 3823 1286 3877 idern
1311 3819 1369 3873 cir·

151 3886 228 3940 citer
245 3885 543 3958 mtervallum,.quod
560 3906 577 3942 a
594 3887 695 3944 'l'acito
713 3900 743 3945 et
760 3890 854 3947 Diona
880 3892 975 3949 fossas
993 3893 1167 3948 Corbulonis
1186 3893 1368 3949 adscribitur.

150 3955 286 4012 Secunda
307 3973 412 4012 nomen
436 3958 544 4029 ipsum,
575 3960 772 4017 indubitatum
803 3965 941 4036 praebens
975 3965 1043 4020 ostii
1072 3965 1229 4031 indicium,
1264 3965 1368 4019 Leclca-

150 4029 262 4094 monde,
280 4029 325 4081 uti
344 4031 375 4082 in
392 4029 500 4084 ricinis
518 4030 591 4086 locis
614 4030 786 4104 Yselmonde,
811 4035 1009 4104 Dortemorsde,
1034 4037 1260 4096 Gleaseamonde.
1296 4037 1368 4090 'ler-

41 4141 46 4150 .
151 4101 204 4168 tia,
230 4099 307 4170 quod
330 4098 407 4172 apud
427 4101 539 4156 incolas
556 4102 643 4158 duret
662 4104 756 4159 adbuc
774 4109 875 4178 opinio
900 4127 917 4164 a
938 4109 1095 4164 maioribus
1114 4111 1231 4178 tradita,
1254 4121 1366 4164 amnem

151 4172 241 4226 luisse
266 4171 345 4224 iufra
369 4171 575 4242 minandum,
601 4177 633 4228 in
652 4195 738 4247 quem
760 4179 833 4232 olim
851 4198 868 4234 a
885 4180 1067 4236 Batavoduro
1086 4180 1234 4238 derivatus
1251 4182 1366 4236 Rhenus

151 4241 272 4300 rueritf‘
297 4243 381 4312 Rycl.
421 4243 569 4312 „Maxime
599 4256 824 4304 consentaneum
854 4251 982 4319 videtur,
1005 4253 1111 4318 ,fossum
1139 4255 1299 4308 Corbulonis
1332 4251 1367 4305 ad

151 4311 285 4370 Rhenum
303 4316 431 4388 coepisse
449 4333 466 4370 ι
483 4318 578 4389 capite
596 4319 655 4374 rivi
667 4321 878 4397 Lugdunensis,
896 4323 946 4377 cui
964 4339 1071 4379 nomen
1095 4325 1130 4380 de
1152 4324 1226 4382 Vliet
1244 4343 1264 4380 s.
1284 4325 1364 4379 Ftiel.
