2814 4792
181 181 186 191 ’
234 241 472 318 capuana.
494 241 587 308 ext.
620 181 919 322 (montano.
932 241 999 323 m.)
1166 187 1235 314 no'

451 381 644 468 ai'euu
705 409 791 466 un.

100 521 175 584 Exin
195 521 276 584 laeti
290 518 490 606 Capitolium
512 507 676 582 scandunt
697 515 841 600 deosque
862 515 994 581 taudem
1010 525 1226 583 venerantur.

39 603 146 692 Effigies
166 607 337 689 Poppaeae
381 610 545 676 coruunt3
579 601 737 664 Octaviae
765 603 926 686 imagines
954 608 1085 688 gestent
1112 601 1228 664 humo·

40 689 82 758 ria,
101 698 257 774 spargunt
277 624 420 749 floridus
440 688 580 768 foroque
601 703 640 745 cc
660 685 792 766 templis
820 692 980 748 statuunt.
1023 683 1098 746 Itur
1125 687 1228 747 etiam

39 771 63 830 in
80 769 234 854 Principia
254 769 368 832 laudea
390 769 572 852 repetitum
592 767 842 829 venerantium:
864 769 995 850 iamque
1016 772 1050 829 et
1069 768 1228 850 palatium

39 852 226 916 multitudiue
253 862 287 916 et
314 852 513 916 elamoribus
542 851 769 934 complebant,
803 857 906 932 quum
942 852 1053 912 emissi
1086 852 1227 912 militum

38 935 109 1020 globi
127 937 321 999 verberibus
344 943 379 997 et
399 937 529 997 intento
551 935 643 996 ferro
664 933 797 995 turbem
819 931 1002 1008 disiecer93
1023 941 1227 1016 mutataque,

38 1038 102 1096 quae
151 1039 187 1080 er
213 1019 409 1082 seditionem
438 1023 631 1095 verterant,
660 1023 695 1080 et
725 1015 895 1098 Poppaeae
922 1016 1028 1080 honor
1060 1019 1227 1098 repositae

37 1108 81 1163 eet.
117 1040 206 1166 duae
227 1120 359 1184 semper
379 1097 471 1172 odio,
493 1111 565 1162 tum
586 1108 621 1161 et
634 1107 725 1162 metu
737 1106 847 1178 atrox,
869 1119 912 1187 ne
931 1108 990 1160 aut
1004 1100 1099 1186 vulgi
1116 1102 1228 1162 acrior

38 1185 75 1244 vis
92 1185 263 1270 ingrueret
289 1193 347 1247 aut
367 1183 461 1247 Nero
490 1183 706 1245 inclinatione
734 1184 847 1264 populi
877 1189 1077 1260 mutaretur,
1106 1201 1228 1265 provo·

36 1265 89 1327 luta
106 1268 242 1354 genibus
263 1269 355 1328 eius:
388 1267 463 1330 Non
484 1286 521 1328 eo
542 1266 607 1328 loci
634 1283 685 1328 ree
705 1285 780 1328 eane
802 1266 871 1348 agi,
898 1275 935 1327 nt
963 1265 1003 1327 de
1029 1267 1228 1328 matrimonio

36 1357 125 1423 certet,
145 1350 338 1432 (pompeiam
358 1349 396 1413 id
414 1349 481 1413 eidi
501 1351 571 1412 vita
589 1349 713 1429 potina)
743 1347 801 1411 aed
819 1351 915 1411 citam
936 1349 1037 1429 ipram
1064 1351 1098 1412 in
1125 1359 1228 1412 extre-

35 1450 94 1494 man
112 1434 278 1498 maantam
300 1453 321 1494 a
343 1433 500 1497 clientelis
520 1443 552 1495 et
573 1434 717 1496 servitiis
740 1431 905 1512 Octaviae,
937 1451 1019 1514 quoe
1037 1432 1143 1511 plebia
1163 1429 1229 1497 eibi

34 1533 122 1578 nonen
141 1517 318 1581 indiderint
339 1535 377 1579 ea
396 1520 432 1579 in
450 1535 532 1597 pace
552 1519 636 1593 anm,
657 1534 740 1597 patae
760 1517 816 1579 vix
837 1515 919 1578 bello
936 1516 1106 1579 evenirent.
1128 1511 1229 1580 Anna

35 1597 79 1659 illa
96 1601 244 1664 adversae
264 1596 444 1681 Principem
465 1611 606 1680 camptu:
628 1598 734 1660 dacem
757 1607 878 1661 tantam
899 1597 1054 1676 defuitne,
1087 1603 1143 1681 pai
1163 1618 1227 1662 mo·

35 1685 68 1742 tie
92 1685 179 1746 rebaa
208 1683 308 1762 facile
335 1686 539 1763 reperiretur.
584 1680 753 1744 Omitteret
781 1681 872 1744 modo
902 1682 1103 1762 Campaniam
1129 1691 1161 1744 et
1194 1686 1229 1746 in

37 1761 128 1830 Urbem
147 1771 251 1848 ipsam
269 1775 430 1848 pergeret,
452 1766 496 1828 ad
517 1767 608 1828 caiae
628 1775 737 1828 nattam
757 1765 900 1828 absentie
931 1763 1082 1828 tanaitas
1111 1767 1229 1830 cieren-

35 1855 83 1912 tur.
122 1850 216 1922 Quod
243 1836 386 1934 alioquin
414 1869 502 1912 enam
522 1847 703 1912 delictum!
734 1866 825 1931 qnam
858 1851 1039 1930 cuiusquam
1068 1847 1228 1929 offensio·

35 1931 108 1994 aen!
144 1931 214 2011 An,
249 1937 326 2018 poio
357 1942 460 1994 veram
487 1936 672 2014 progeniem
704 1931 877 2010 penatibus
905 1932 1075 1998 Caeeamm
1110 1933 1230 1996 dataro

34 2013 80 2076 titl
114 2017 247 2080 Malien'
266 2017 414 2098 papalum
434 2015 605 2080 Romanam
629 2014 775 2078 tibicinia
794 2013 956 2101 Aegyptii
978 2014 1114 2078 aabolem
1136 2019 1228 2098 inpe-

35 2103 137 2162 raton'o
156 2101 300 2182 fastigio
327 2100 438 2164 induci
445 2097 457 2162 i
497 2097 660 2181 Denique,
689 2096 720 2162 st
745 2099 781 2162 id
809 2099 903 2162 rebiae
931 2099 1099 2174 conducat,
1128 2099 1231 2163 tinen
1324 2138 1328 2150 ‚

35 2195 258 2260 nonenoeane
278 2181 398 2246 acmret
418 2183 584 2256 dominam,
607 2181 659 2245 oei
679 2181 855 2246 eonmleret
876 2185 1045 2247 securitati
1072 2187 1161 2246 iacta
1180 2182 1230 2245 nl-

34 2267 112 2328 tiom.
151 2269 202 2333 Et
221 2269 353 2331 modicia
386 2266 529 2329 remediis
554 2269 675 2346 primae
702 2277 805 2329 notae
831 2266 1025 2330 consedisse:
1058 2276 1095 2330 at
1124 2270 1157 2331 ei
1176 2265 1230 2330 de·

33 2360 139 2426 namt
157 2369 288 2414 uxorem
310 2351 450 2414 Neronia
470 2349 545 2428 fore
567 2349 742 2428 Octaviam,
768 2348 821 2413 iili
839 2353 984 2414 maritam
1006 2349 1150 2414 daturae.
1237 2362 1243 2399 ¹

89 2491 112 2543 l.
130 2488 252 2556 denaque
269 2487 384 2541 tandem
400 2493 572 2540 venerantur
589 2503 629 2542 ec.
647 2484 791 2557 bominep,
808 2473 897 2540 cives.
922 2486 1037 2540 tandem
1060 2487 1137 2540 aerio
1163 2493 1232 2557 poet
1320 2517 1323 2530 ·

35 2556 122 2612 uum
139 2557 290 2612 simulatas
308 2559 416 2634 gratiae
434 2559 491 2612 diis
509 2566 601 2622 actaea
619 2558 770 2612 Mallerae.
805 2557 973 2621 „Additum
991 2559 1105 2610 tandem
1131 2557 1167 2610 ad
1185 2559 1231 2610 iu·

34 2623 168 2682 dicendum
187 2627 364 2684 desiderium
390 2631 433 2684 rai
457 2631 550 2682 iactae
568 2628 749 2681 diuturnum.
785 2627 917 2704 Longtxm
943 2629 1031 2680 nimie
1054 2629 1150 2681 vinum
1178 2628 1231 2682 ho-

35 2699 141 2754 minibut
158 2698 218 2754 boc
234 2699 351 2768 videm
369 2718 430 2756 eane
448 2709 545 2754 tamen
565 2698 642 2764 dece,
661 2717 722 2754 esee
740 2699 865 2754 coeleste
889 2715 1008 2764 numen,
1033 2707 1067 2751 ut
1085 2699 1137 2752 illa
1155 2699 1231 2770 apud

35 2767 133 2824 liviam
148 2771 222 2826 ait.“
239 2771 310 2828 Era.
339 2804 373 2815 —
400 2773 513 2840 effigiea
535 2771 681 2840 Poppaeae
706 2776 856 2840 marnam,
881 2772 920 2824 ci.
944 2767 980 2824 ad
999 2775 1024 2835 1,
1043 2773 1089 2836 68,
1109 2773 1134 2824 1.
1155 2777 1185 2823 et
1202 2771 1231 2836 2,

34 2841 68 2904 Ὠ,
83 2845 107 2898 ².
141 2843 279 2912 Panopeae
300 2841 361 2896 MS.
385 2841 484 2900 Guelf.
510 2851 540 2896 et
567 2842 612 2895 ed.
637 2841 715 2914 Spin.
744 2841 793 2897 aed
817 2842 944 2912 Poppeoe
966 2857 991 2894 c.
1010 2843 1054 2898 to.
1078 2845 1108 2894 'et
1133 2842 1177 2897 to.
1196 2870 1231 2884 -

34 2921 157 2981 morgunt
175 2913 310 2978 flaribw
334 2913 499 2980 „Similiter
515 2912 673 2968 bonoratur
698 2915 860 2984 imperator
877 2931 894 2967 a
912 2911 998 2967 turba
1021 2927 1140 2967 coronae
1164 2911 1232 2964 lern-

35 2981 164 3055 at'acoepae
183 2983 350 3040 iacientium
367 2987 430 3042 hir.
449 2989 495 3050 33,
514 2989 559 3042 33.
595 2987 632 3038 Μ.
651 2985 794 3039 Antonius
819 3001 936 3040 eorunm
959 2983 1085 3038 omnibaa
1108 2983 1139 3038 in
1164 2983 1231 3052 pul·

34 3053 103 3106 naar
119 3073 154 3109 ea:
169 3073 249 3110 mare
266 3057 435 3111 iacientibus
452 3056 575 3142 Capitol.
596 3073 622 3110 c.
641 3059 669 3112 4.
689 3057 881 3111 Germanicus
898 3055 1085 3125 triumphans
1109 3055 1232 3124 undique

34 3123 125 3179 iactato
142 3127 212 3191 anre
230 3135 342 3199 tegente
367 3128 431 3182 viae
453 3128 535 3211 Ovpd.
563 3125 652 3214 Trici.
671 3131 699 3196 4,
723 3130 752 3194 i,
771 3131 816 3184 5⁰.
853 3127 1027 3214 Gpmmodue
1053 3126 1162 3181 Urbem
1187 3125 1233 3178 iu·
1333 3137 1336 3152 ·

32 3195 1233 3340 &tite‘tlibiittttitttit‘ibiittttittt‘tt‘233

34 3335 70 3388 Gi.
85 3341 163 3417 virg.
182 3341 254 3395 Aen.
273 3344 302 3409 6,
321 3343 401 3400 ew
418 3341 543 3410 Lipainr.
565 3375 597 3386 -
616 3343 785 3396 iteratam
809 3341 841 3395 in
859 3342 1005 3411 Principia
1031 3341 1131 3394 laudea
1152 3355 1232 3409 repe·

34 3408 104 3464 litam
119 3413 313 3466 armantium
330 3412 409 3470 MSS.
428 3411 508 3467 Flor.
528 3411 611 3469 (laub.
632 3411 703 3471 Bud.
723 3413 787 3468 edd.
808 3411 884 3485 Spin.
903 3413 995 3468 Rbeu.
1008 3415 1033 3469 Ἃ.
1054 3415 1081 3468 3.
1102 3429 1164 3484 sqq.
1183 3429 1232 3464 ue-

35 3482 239 3553 qaeadliyck.
260 3493 373 3556 etpost
391 3502 453 3540 eam
473 3501 691 3556 paeneomues,
710 3485 768 3538 uisi
787 3485 981 3556 quodelpro
1000 3483 1086 3538 etiarn
1113 3482 1232 3568 eoa-ipsit
1271 3509 1280 3536 t

34 3549 111 3609 leik.
139 3555 214 3624 quod
236 3555 460 3627 praeferendum
486 3556 605 3609 videtur
627 3554 796 3620 Wallbeuo,
823 3572 881 3610 nou
899 3555 986 3622 mibi,
1013 3557 1082 3628 quia
1098 3570 1233 3626 proxime

34 3626 153 3693 nequitur
168 3625 280 3698 imaque
299 3635 326 3680 et
344 3635 399 3682 cet.
418 3627 450 3680 iu
467 3625 546 3681 MSS.
563 3635 661 3682 autem
681 3635 711 3682 et
728 3628 790 3683 edd.
809 3635 869 3685 vet.
890 3635 933 3683 eat
959 3627 1053 3680 etiam.
1088 3625 1233 3679 Revocavi

35 3694 139 3760 quidem
157 3694 416 3765 bacchationem,
436 3700 503 3769 quia
522 3700 700 3770 optimorum
719 3698 864 3754 librorum
889 3699 1062 3753 auctoritate
1085 3697 1231 3764 deluatur,

35 3779 63 3816 oe
100 3767 162 3822 eei
179 3785 249 3824 vera
267 3778 296 3824 et
314 3777 427 3825 certae
467 3785 590 3840 ecquem
609 3771 745 3824 aubetitui
762 3772 883 3842 poterit.
903 3768 960 3824 Sed
978 3770 1031 3824 illa
1050 3770 1138 3823 etiam
1154 3785 1232 3822 nuuc

35 3838 145 3916 [ni‘in
181 3845 212 3892 ta
229 3840 348 3896 viderur
363 3849 394 3895 et
411 3787 486 3894 made
504 3842 622 3895 deiecta
638 3839 820 3896 aWalthero
839 3843 874 3895 ad
891 3842 921 3894 b.
936 3841 956 3894 1.
974 3848 1005 3896 et
1023 3837 1232 3894 aBoetticbero
1301 3879 1303 3884 .

36 3907 141 3962 tubex.
184 3927 226 3968 ac.
294 3915 356 3970 21⁰.
376 3921 406 3968 et
424 3914 456 3965 iu
474 3911 574 3966 libello
593 3910 720 3976 devita,
745 3914 862 3985 scriptia
887 3929 921 3967 ac
949 3912 1016 3965 stilo
1044 3911 1113 3964 Tac.
1136 3909 1230 3964 Bet-ol.

35 3979 100 4035 leat.
118 3999 147 4052 p·
165 3985 208 4039 30.
245 3929 339 4038 Huius
357 3984 515 4054 explicatio
533 3991 592 4037 est=
631 3985 720 4050 „itur
739 3985 826 4037 etiam
843 3985 876 4037 in
893 3981 1039 4050 Principia
1063 3983 1163 4035 lauder
1188 3997 1233 4034 oe-
1303 4030 1306 4038 .

36 4055 190 4118 ananiam,
209 4054 243 4107 ab
262 4055 298 4109 iis
316 4056 368 4124 qui
386 4056 601 4110 venerabantur
624 4056 780 4124 repetitam,
807 4057 1020 4112 revocationem
1048 4054 1197 4119 (substant.
1217 4073 1233 4108 a

36 4113 125 4176 Tacito
145 4124 284 4191 effictum)
303 4127 367 4183 acil.
385 4129 496 4189 uxoria,
516 4127 577 4180 sive
595 4126 630 4179 ab
649 4127 685 4180 iia
704 4129 756 4197 qui
775 4127 942 4198 Principem
960 4125 1175 4180 venerabantur
1197 4123 1233 4178 ob

36 4196 181 4261 repetitum
198 4198 307 4262 uxoria,
325 4201 346 4252 i.
361 4215 385 4255 e.
405 4199 440 4252 ob
458 4197 623 4268 repetitam,
642 4205 807 4253 revocatam
824 4195 974 4252 uxorem.“
993 4197 1094 4250 illius:
1121 4197 1233 4264 „Repe-

36 4265 85 4342 tere
101 4275 146 4319 est
162 4267 499 4348 wiedererlangen‚
517 4267 816 4333 wiedereocbeu,
835 4278 868 4321 ut
887 4274 913 4333 1,
930 4271 957 4326 8.
982 4266 1127 4322 libertatia
1154 4283 1233 4336 repe-

36 4337 99 4389 titae
116 4346 148 4392 et
163 4339 191 4404 ⁸,
209 4340 251 4396 i'l·
269 4341 390 4413 repetita
417 4339 552 4396 amicitia
575 4339 665 4410 regia.
703 4339 802 4419 igitur
823 4337 974 4410 repetitam
999 4339 1135 4413 intellige
1152 4337 1235 4393 Priu-
