2854 4798
197 219 259 284 17⁴
468 217 473 228 ·
589 161 835 280 1111111111
865 214 948 280 ms.
971 213 1044 283 xa.

196 384 353 440 verborum
377 389 526 438 structura
552 397 620 436 cam
642 381 746 438 Aecus.
771 389 801 436 et
824 379 882 435 In't.
907 381 943 437 sd
966 381 1115 452 antiquius
1131 381 1376 454 perspicuitatis,
1399 409 1400 420 ι

198 455 376 512 conitructio
402 473 468 508 cum
495 453 673 509 Nominat
696 455 754 510 1111.
780 453 816 508 ud
839 453 932 508 serius
956 455 1162 520 concinnitatis
1191 455 1333 508 studium
1352 458 1400 508 rei

197 528 287 584 reuda
311 527 457 581 videtur.“
481 524 565 582 tert.
591 522 626 580 ad
649 523 719 579 Tac.
742 526 813 650 Agr.
838 526 871 578 in
896 525 967 581 Exc.
987 525 1035 579 Vl.
1056 533 1086 580 et
1103 526 1165 582 Vll.
1187 525 1237 581 cf.
1264 526 1301 578 ad
1328 525 1400 584 G.3

197 619 227 654 ιι.
246 603 272 661 2.
292 599 354 653 ind.
375 599 429 656 111.
450 617 479 653 v.
497 597 664 652 accusativi
683 614 745 651 eum
780 597 919 665 nfinitiois
936 615 981 654 nr.
1000 599 1028 653 4.
1046 605 1076 652 01
1094 595 1277 654 llamshorn.
1291 596 1400 653 Gramn

196 688 226 744 p.
246 674 308 728 431.
329 669 405 735 (633.
426 669 544 732 edil.)

267 746 297 806 2.,
315 743 426 814 quando
444 741 547 794 ultima
565 740 737 795 timebantur
753 742 792 794 01.
811 741 846 796 ad
864 742 893 807 1,
912 741 939 794 7.
968 771 1001 784 -
1027 747 1126 809 spreta
1147 737 1354 808 praesentiam
1379 741 1400 794 ι’,

195 815 286 881 oidia,
306 833 342 868 ex
358 813 547 879 facinoribus,
567 831 640 884 quae
659 829 737 866 nunc
754 813 946 884 parabantur3
972 811 1043 864 Erre.
1080 843 1114 854 -
1137 811 1344 882 Xenophontis
1369 830 1400 865 m

196 885 443 1025 1018111111ῗοιέ
462 885 498 939 ad
516 901 541 942 c.
560 886 606 940 61.
626 904 656 939 n.
675 888 702 942 2.
723 911 756 924 -
775 885 878 956 rapido
896 899 1009 950 veneno,
1030 883 1109 954 quod
1124 885 1157 944 ri
1175 901 1234 939 suu
1253 884 1359 988 rqpide
1377 903 1400 937 nt

605 1100 628 1154 O
646 1099 671 1153 Α
689 1099 711 1152 Ρ
729 1099 756 1154 U
773 1097 800 1152 Τ
852 1099 1008 1155 nxvtll.

224 1279 227 1290 ¹
278 1209 474 1272 Vocabatur
493 1209 631 1270 interim
652 1214 786 1272 senatus
806 1214 953 1292 votaque
983 1227 1046 1291 pro
1068 1209 1307 1271 incolumitate
1328 1207 1400 1270 Pria

196 1293 280 1376 cipis
302 1289 453 1355 consules
475 1301 509 1354 et
530 1289 718 1356 sacerdotes
739 1309 851 1354 nuncu
875 1293 987 1366 abant,
1021 1311 1124 1374 qaum
1155 1293 1226 1353 iam
1259 1294 1400 1354 exanimi

193 1375 343 1438 vestibus
364 1383 398 1438 et
418 1377 572 1439 fomentis
594 1375 821 1460 obtegeretur,
867 1396 934 1453 nm,
956 1393 1106 1458 quaeres
1121 1378 1238 1437 forent
1254 1375 1400 1436 firmandl

195 1458 343 1521 Neronis
365 1461 558 1542 imperium,
578 1465 836 1540 componuntur.
879 1457 948 1520 Iam
970 1461 1116 1540 primum
1137 1457 1343 1542 Asrippma,
1363 1479 1400 1520 ve

194 1543 246 1604 lut
268 1540 384 1604 dolore
404 1545 494 1605 victu
514 1549 549 1614 et
570 1541 690 1605 solatia
715 1543 925 1624 conquirens,
953 1549 1070 1602 tenere
1098 1507 1260 1623 amplexu
1288 1541 1400 1604 Britan

195 1626 321 1703 nicam,
344 1645 448 1688 oerum
467 1628 597 1706 paterni
619 1627 687 1688 oris
708 1623 858 1705 effigiem
884 1625 1053 1708 appellare
1085 1643 1123 1686 ac
1151 1626 1263 1687 variis
1290 1626 1400 1686 artibu

117 1749 119 1754 .
194 1701 376 1788 demorari,
398 1729 439 1771 ne
460 1708 616 1772 cubiculo
638 1706 868 1794 egrederetur.
910 1709 1090 1770 Antoniam
1111 1726 1246 1790 quoque
1269 1715 1303 1772 et
1322 1709 1400 1772 Octa·

193 1794 285 1854 viam
307 1811 444 1854 sorores
474 1795 546 1856 eius
575 1793 725 1867 attinuit,
756 1799 791 1853 et
812 1799 949 1852 cunctos
971 1789 1080 1852 aditus
1102 1789 1269 1854 custodiis
1294 1793 1400 1853 clause

194 1882 248 1936 rat
274 1876 458 1957 crebroque
486 1875 654 1963 vulgabat,
687 1875 740 1936 iro
766 1875 802 1935 in
827 1875 947 1936 melius
963 1871 1208 1937 'valetudinem
1238 1875 1400 1956 Principis,

193 1977 259 2104 quo
282 1959 378 2021 miles
399 1959 484 2022 bona
505 1961 541 2019 in
562 1979 620 2040 spe
641 1964 756 2046 ageret
776 1964 971 2042 tempusque
991 1975 1192 2040 prosperum
1216 1975 1259 2020 ex
1280 1961 1400 2023 monitis

221 2040 438 2105 haldeeorum
459 2039 667 2104 adventaret.

264 2147 290 2199 1.
320 2143 496 2198 Vocabatur:
526 2143 558 2196 in
582 2139 640 2194 MS.
665 2139 744 2213 Spir.
772 2139 943 2198 Verebatur.
973 2167 1006 2180 -
1031 2157 1115 2212 quum
1137 2141 1198 2197 iam
1221 2135 1360 2195 'exanimis
1375 2171 1400 2182 -

193 2214 382 2283 obtegeretur,
401 2215 439 2268 ci.
458 2212 494 2266 nd
511 2213 586 2289 Agr.
604 2215 648 2270 26.
667 2231 696 2269 ιι.
716 2217 742 2268 4.
770 2214 896 2280 -dum,
926 2229 996 2283 qaae
1012 2228 1061 2266 res
1076 2215 1172 2281 forent
1199 2213 1340 2280 firmando
1355 2211 1400 2264 Ne·

192 2283 459 2362 ronisgimpers'um,
488 2290 691 2353 componuntur
708 2283 789 2340 MSS.
818 2283 888 2362 Reg.
915 2284 987 2361 Agr.
1013 2284 1075 2341 edd
1100 2283 1179 2356 Spir.
1199 2283 1317 2340 Waltla.
1341 2283 1401 2352 (nisi

234 2356 271 2411 od
293 2357 326 2408 in
349 2354 408 2412 MS.
433 2353 474 2408 lle
497 2399 504 2412 .
531 2364 561 2410 et
589 2356 633 2411 ed.
653 2355 729 2428 Spir.
757 2363 800 2410 est
825 2359 886 2426 que)
911 2358 977 2410 dam
999 2371 1048 2408 ree
1070 2359 1165 2424 tereret
1188 2356 1329 2424 emmae
1350 2353 1399 2408 MS.

134 2435 136 2444 ¹
231 2445 274 2482 or.
298 2435 374 2481 teste
398 2427 454 2481 lec.
475 2373 567 2481 gron.
587 2429 653 2482 dum
670 2445 718 2482 ree
740 2429 879 2494 1111100110
902 2428 936 2482 Ν.
955 2427 1077 2497 imperio
1100 2445 1188 2498 comp.
1215 2425 1294 2482 MSS.
1312 2427 1397 2480 Guelt.

190 2498 265 2554 But.
285 2499 366 2554 Harl.
387 2500 440 2553 les.
459 2496 504 2563 (in
523 2515 580 2570 quo
598 2500 721 2560 Neroni)
739 2499 821 2555 Bodl.
851 2501 913 2554 edd.
933 2500 998 2553 Put.
1017 2505 1042 2556 1.
1062 2504 1080 2557 2
1099 2517 1160 2571 sqq.
1194 2499 1334 2568 firmando
1354 2497 1399 2550 im-

190 2571 312 2640 perium,
330 2573 408 2636 1114,
428 2573 472 2626 13.
493 2573 537 2638 16,
558 2573 582 2623 7.
601 2574 674 2649 Agr.
696 2574 739 2628 21.
769 2570 824 2625 etsi
842 2571 1017 2643 plerumque
1035 2572 1175 2638 limando
1193 2571 1315 2640 imperio
1336 2569 1399 2622 dici-1

191 2650 249 2698 tur.
272 2673 304 2686 -
323 2648 526 2710 cmopetenter
543 2659 598 2714 pro
617 2649 848 2712 componerentur
866 2642 995 2709 dictum3
1021 2642 1093 2696 Ern.
1127 2641 1186 2698 Sed
1211 2645 1252 2701 cf.
1272 2641 1331 2694 lnd.
1349 2639 1395 2695 lll.

191 2732 219 2768 v.
241 2715 399 2770 Verborum
419 2714 557 2782 Tempora
577 2719 600 2770 1.
642 2718 730 2772 ,841

261 2788 288 2841 2.
308 2785 405 2839 dolore
417 2785 505 2838 aicta:
525 2785 663 2839 Heinsius
678 2786 803 2840 malebat
820 2785 919 2844 eoieta.
940 2787 985 2841 Cf.
1004 2785 1040 2840 ad
1058 2789 1142 2853 1,17,
1157 2789 1183 2843 2.
1204 2817 1236 2830 -
1255 2783 1395 2840 Antoniam

191 2863 218 2910 et
238 2855 387 2912 Octaviam
404 2871 519 2909 sorores
537 2857 608 2922 eius,
637 2859 674 2910 01.
699 2856 735 2910 ad
762 2873 786 2913 c.
805 2861 832 2914 2.
852 2875 880 2914 n.
902 2863 926 2915 1.
956 2890 989 2902 -
1015 2858 1134 2912 attinuit
1164 2858 1256 2912 domi.
1281 2875 1307 2913 r.
1325 2856 1356 2910 ad
1371 2860 1392 2918 1,

189 2931 234 2985 35.
257 2955 290 2966 -
308 2929 401 2992 miles,
420 2927 553 2982 excubiae
570 2945 667 3004 agens.
697 2927 742 2982 01.
762 2945 824 2999 cap.
844 2931 888 2986 69.
921 2957 955 2968 -·
981 2937 1092 2998 ageret,
1116 2949 1145 2982 v.
1164 2929 1202 2983 ad
1221 2935 1247 2997 1,
1266 2931 1390 2992 63,1.-

191 3015 225 3052 ea
248 2999 367 3054 monitis
391 2997 607 3064 Chaldaeorum,
637 3000 676 3053 01.
705 3000 895 3066 111111.
922 3033 955 3044 -
980 3003 1146 3056 adventaret
1165 3000 1250 3058 MSS.
1274 3001 1347 3053 1101.
1369 3005 1391 3050 11

190 3071 272 3128 Harl.
293 3072 324 3124 in
344 3086 437 3146 marg.
458 3069 521 3127 edd.
541 3069 621 3142 Spir.
641 3071 703 3127 Put.
725 3076 748 3125 l.
768 3074 793 3128 2
813 3071 877 3128 Ber.
897 3071 988 3129 llhen.
1009 3079 1034 3130 1.
1053 3071 1131 3130 Pich.
1152 3091 1217 3146 sqq.
1239 3075 1389 3138 aternptaret

116 3131 121 3147 ’
190 3140 250 3198 MS.
276 3141 346 3194 But
372 3148 526 3197 attentaret
553 3141 631 3198 MSS.
658 3143 739 3197 Harl.
765 3142 820 3198 les.
846 3144 908 3199 edd.
933 3143 1025 3200 Rhea
1043 3148 1108 3204 23
1132 3163 1193 3218 sqq.
1233 3145 1387 3198 attentarent

191 3211 269 3268 MSS.
288 3213 387 3269 Guelt'.
406 3213 488 3268 Bodl.
558 3249 560 3256 ·

617 3355 808 3412 01101
861 3327 974 3415 aiax.

271 3461 369 3526 Tunc
390 3461 499 3526 medio
522 3461 589 3526 diei
610 3466 750 3528 tertium
770 3473 847 3528 ante
868 3464 943 3529 idus
966 3465 1127 3531 Octobres
1158 3468 1283 3530 toribus
1312 3461 1385 3547 pala·

189 3548 232 3610 tii
253 3555 392 3630 repente
413 3545 569 3623 diductis,
592 3549 771 3610 comitante
793 3549 1017 3633 Burroquro
1039 3549 1215 3638 egreditur
1229 3549 1269 3612 ad
1283 3548 1384 3610 cohor-

188 3639 268 3707 tem,
291 3649 375 3713 quae
395 3650 490 3694 more
511 3632 653 3694 militiae
674 3631 821 3695 excubiis
843 3631 946 3696 adest.
989 3633 1041 3696 lbi
1061 3643 1218 3697 monente
1232 3633 1383 3696 Praefecto

189 3716 282 3776 testis
302 3712 441 3776 vocibus
469 3723 623 3797 exceptus
651 3713 781 3777 inditur
808 3713 954 3779 lecticae.
997 3717 1213 3782 Dubitevisse
1245 3711 1382 3800 quosdam

188 3799 303 3859 ferunt
328 3805 552 3886 respectantes
574 3799 831 3884 rogitantesque,
860 3799 917 3863 abi
938 3798 1154 3864 Britannicas
1174 3799 1279 3865 esset!
1315 3795 1381 3856 blo*

189 3881 283 3942 nullo
305 3882 341 3941 in
363 3879 533 3944 diversum
556 3890 705 3959 anctore,
727 3879 810 3964 qna'e
831 3883 1069 3960 offerebantur,
1090 3887 1198 3948 secuti
1226 3889 1307 3946 sunt.
1346 3875 1379 3934 ll·

153 3999 157 4008 ι
188 3964 341 4046 latusque
375 3965 494 4027 castris
516 3963 609 4027 Nero
639 3972 673 4028 et
694 3969 914 4052 congruentia
941 3969 1085 4049 tempori
1113 3971 1289 4048 praefatus,
1317 3961 1394 4044 pro?

187 4047 288 4110 misso
317 4045 475 4112 donativo
504 4045 545 4110 ad
573 4047 760 4132 exemplum
795 4057 953 4131 pateruae
985 4051 1191 4136 largitionis,
1224 4051 1379 4129 Imperator

159 4151 162 4172 ·
187 4131 428 4198 consalutatum
469 4111 676 4196 senientiam
695 4133 840 4196 militum
862 4141 973 4197 secuta
992 4133 1130 4196 Petram
1150 4135 1310 4198 consulta:
1329 4140 1378 4186 nec

187 4211 376 4279 dubitatum
403 4224 453 4278 est
473 4214 562 4298 apud
588 4217 789 4297 provincias.
832 4213 1062 4300 Coelestesque
1089 4216 1231 4282 honores
1258 4207 1376 4276 clauda

188 4293 416 4360 decernuntur
437 4307 471 4362 et
492 4301 619 4364 funeris
639 4299 788 4363 sollenne
808 4299 948 4385 perinde
969 4319 1007 4364 ac
1033 4299 1113 4364 divo
1134 4301 1279 4390 Augusto
1306 4291 1375 4354 cele·
