2872 4786
378 171 667 284 'auruum
698 217 783 284 um.
806 218 946 286 mrv.
1231 223 1295 292 ro

69 381 117 434 uti
143 380 260 438 Persius
279 385 305 446 1,
323 381 367 438 19.
397 380 499 437 eodem
529 383 659 455 epitheto
684 383 721 440 1ο
753 386 865 457 poeria,
897 385 953 440 Tea
982 385 1159 442 cirrutoruaa
1187 395 1296 446 emata

69 452 181 504 dictata
205 452 296 518 {aicae
319 469 374 522 pro
398 451 488 506 attio
506 457 633 525 pendor?
668 458 779 512 Valerii
803 473 875 534 ergo
899 475 992 524 mena,
1043 467 1141 513 raeter
1164 461 1294 518 crinium

68 523 232 576 discrimen
263 523 404 578 adiectam
428 525 490 579 iliis
519 534 548 580 et
573 528 697 582 alteram
721 532 837 586 vittam.
874 527 918 584 De
937 545 995 600 qua
1036 531 1161 600 apellam
1179 534 1294 605 accipio

69 594 108 648 de
126 601 211 665 nupt.
231 593 337 648 Philol.
351 600 376 651 1.
395 613 423 667 p.
434 600 460 653 3.
482 597 526 651 ed.
540 600 623 653 Grot.
646 601 719 654 Iuao
736 617 843 671 quoque
861 601 1098 669 expurgatione
1114 603 1182 658 ouri
1199 605 1294 672 apten-

69 666 155 718 dente
173 681 243 719 verro
261 667 410 724 addiderat
430 668 559 725 crinitur
575 671 681 726 sociale
698 672 846 726 viaculum.
882 673 1015 743 Propert.
1034 677 1062 740 t,
1082 679 1127 740 11,
1146 678 1191 732 ³4.
1223 677 1294 732 Vira-

67 737 114 790 ra't
134 743 161 788 et
180 743 310 805 acceptae
336 740 430 792 alteru
452 741 528 795 uitta
551 759 659 798 comm:
696 745 747 797 ubi
774 743 835 830 lagi
859 743 892 798 in
913 751 975 799 vet.
999 745 1061 800 cod.
1089 761 1237 816 ceperam
1264 755 1295 804 et

67 808 178 878 placet,
197 811 352 880 referoque
369 811 406 864 ad
418 815 613 883 aspersionem
631 833 721 885 aquae
738 816 851 886 nuptus
869 815 1043 872 rollenuem.
1078 814 1122 872 De
1139 833 1197 889 qua
1213 818 1295 876 idem
1374 847 1380 854 ·

67 884 97 942 1,
115 883 144 944 3,
164 882 208 935 15.
245 880 282 933 Et
300 881 404 953 Stygio
430 901 492 940 eam
514 901 618 954 aparao
641 886 715 954 locu,
743 903 795 941 nec
817 895 896 942 rectu
919 887 1036 956 copiltir
1057 889 1136 946 Vitta
1154 889 1223 946 data
1240 897 1291 946 ert.

68 951 127 1016 (ct.
149 950 226 1008 Plin.
246 955 291 1020 11,
310 955 355 1010 41.
381 964 411 1009 et
427 955 590 1031 Boettigeri
608 957 712 1013 Sabim
730 958 769 1016 11.
793 975 823 1030 p
843 962 895 1018 12⁰
914 957 975 1031 aq.)

404 1341 407 1346 ἱ
450 1249 616 1314 mrsu
648 1251 913 1318 excursus

659 1370 702 1414 ΑΒ

213 1456 1151 1568 ΑΝΝΑιιυΜωΒ.ιν.

468 1622 470 1630 ’
537 1643 582 1696 aa
610 1641 693 1712 cap.
721 1641 829 1702 xtrr.
931 1624 935 1632 '

139 1745 288 1802 Adulterii
306 1764 414 1818 poenae
432 1765 506 1820 quae
524 1747 608 1815 olim,
627 1765 687 1803 nou
705 1749 737 1803 in
755 1757 906 1823 promptu.
938 1750 1106 1818 Recludam,
1124 1769 1182 1824 qua
1197 1756 1293 1824 potui,

68 1824 97 1872 et
123 1819 253 1874 tenebrra
277 1837 368 1890 prracr
394 1837 458 1873 aen
483 1819 598 1874 radium
623 1821 751 1892 aliquem
779 1837 874 1877 norae
900 1821 975 1876 lucia
999 1823 1079 1878 dabo.
1099 1853 1132 1868 -
1175 1823 1294 1880 Romuli

67 1891 134 1966 lego
152 1898 287 1945 matrona
305 1891 444 1945 adulterii
463 1909 513 1944 rea
531 1893 637 1946 marito
661 1894 804 1963 permissa
823 1894 954 1970 cognatio
996 1911 1020 1948 o.
1057 1893 1095 1961 ti,
1122 1896 1166 1948 uti
1184 1897 1294 1960 ritum,

66 1961 256 2028 mulctabant,
274 1962 444 2034 puniebant.
464 1961 521 2027 (cf.
537 1961 605 2020 Tac.
624 1964 699 2018 hun.
720 1965 748 2030 2,
767 1967 810 2020 13-
830 1969 875 2031 13,
894 1967 938 2021 31.
985 1965 1081 2036 ionye.
1101 1969 1128 2034 3,
1147 1969 1192 2026 25·
1212 1967 1292 2022 Geli.

68 2033 276 2100 11138111.
302 2033 347 2088 Au
372 2037 424 2092 .5.
453 2041 483 2088 et
506 2031 572 2087 Tib.
592 2037 636 2091 35.
664 2035 728 2088 Liv.
747 2038 794 2102 39,
819 2039 863 2092 18.
892 2037 989 2090 Valer.
1015 2039 1090 2092 Max.
1116 2041 1190 2105 2,1.
1218 2041 1246 2104 t,
1265 2042 1292 2096 3.

65 2107 141 2160 Plut.
167 2106 219 2172 Qu.
245 2105 327 2159 Rom.
349 2053 403 2158 ht,
433 2122 463 2176 p.
489 2108 533 2163 33-
553 2103 677 2162 Tertull.
705 2106 780 2177 apol.
801 2125 826 2160 c·
845 2106 890 2174 1.)
927 2106 983 2162 Sed
1009 2116 1148 2163 utrumne
1175 2111 1293 2164 morte?

66 2180 148 2241 Puto,
167 2177 332 2232 verecunde
351 2185 453 2231 contra
470 2177 569 2231 virum
587 2179 715 2245 doctum,
735 2178 863 2236 licuisse.
901 2177 948 2232 Ex
968 2179 1110 2250 Dionysio
1123 2175 1157 2246 ’1,
1176 2183 1220 2238 15.
1240 2182 1295 2251 qui

65 2250 133 2326 lege
152 2249 235 2326 regia
252 2251 393 2302 maritum
411 2249 566 2302 constituit
584 2245 680 2322 κύριον
696 2251 745 2306 τοῦ
762 2253 900 2336 μεγέθους
917 2252 965 2319 τῆς
981 2254 1124 2324 τιμωρίας,
1150 2252 1294 2306 arbitrum

63 2320 276 2389 magnitudinis
298 2337 413 2390 porum.
449 2321 497 2373 Ex
521 2321 595 2376 iure*
609 2323 691 2393 ipsu,
720 2341 788 2393 quia
812 2323 933 2390 mulier,
961 2341 1034 2396 quac
1058 2324 1140 2376 iuxta
1167 2331 1293 2378 aacrataa

63 2391 184 2448 Romuli
209 2393 291 2468 leges
318 2399 419 2461 nupta,
447 2393 489 2445 ita
513 2393 545 2444 in
570 2411 660 2446 manu
683 2395 744 2446 riri
767 2403 802 2447 ut
818 2395 918 2464 prolce
936 2396 969 2447 in
983 2395 1088 2518 patria.
1125 2393 1173 2448 Ex
1189 2394 1293 2450 Tacito

62 2469 139 2520 Anu.
161 2467 206 2531 13,
231 2467 275 2520 31.
307 2463 385 2533 apud
416 2479 504 2536 quem
526 2462 659 2517 Plautina
691 2466 787 2531 prisco
819 2465 954 2518 iactitare
1003 2483 1018 2518 e
1041 2466 1136 2534 capite
1163 2468 1293 2536 fotuque

61 2537 207 2604 coniugia,
233 2535 404 2606 propinquis
427 2549 534 2601 corona,
565 2535 698 2603 coguovit
721 2542 749 2588 et
773 2535 912 2589 ineuntem
938 2536 1091 2592 nuntiauit.
1127 2538 1178 2590 Ait
1200 2537 1293 2606 cupite

61 2613 203 2678 [meque.
241 2605 274 2660 si
293 2607 325 2660 iu
344 2606 561 2678 superstitionis
580 2605 707 2660 crimine
724 2606 832 2659 marito
851 2605 881 2659 id
899 2605 982 2670 iuris,
1005 2603 1092 2660 credo
1111 2615 1141 2660 et
1159 2609 1191 2660 in
1208 2608 1293 2662 adul·

61 2681 144 2734 terii·
181 2678 217 2731 ln
236 2695 292 2744 ear,
310 2695 385 2748 quae
404 2679 493 2730 sacris
509 2675 737 2730 Bacchanalium
755 2679 871 2730 incestu
889 2693 965 2742 mae,
990 2693 1023 2731 co
1066 2676 1108 2729 ati
1132 2679 1293 2749 maritique

61 2754 145 2805 intra
163 2749 266 2802 domoc
284 2749 566 2813 animadverterunt,
594 2749 677 2802 aiunt
700 2747 804 2802 Lirim
828 2751 873 2813 33,
897 2750 937 2803 18.
967 2754 997 2802 et
1045 2747 1197 2814 clericati,
1216 2751 1282 2814 3,1

60 2840 118 2878 nec
136 2821 249 2886 dubito,
269 2819 342 2890 quin
360 2837 393 2874 ea
410 2820 623 2875 animadveraio
642 2819 677 2874 ad
701 2827 788 2892 caput
809 2819 999 2888 pertinuerit.
1035 2815 1169 2889 Denique
1192 2821 1292 2898 Egna-

61 2897 123 2948 tius
135 2893 279 2964 quispiam
292 2905 425 2958 uxorem,
440 2891 516 2960 quod
531 2891 634 2945 vinum
646 2891 776 2957 bibiaaet,
798 2890 873 2944 furti
891 2888 1054 2952 interemit,
1073 2889 1161 2960 itque
1174 2892 1291 2946 rectum

61 2983 124 3019 non
142 2963 228 3017 modu
246 2971 423 3028 accusatore,
443 2961 594 3016 sedetiam
606 2961 818 3035 reprehensore
832 2961 937 3016 caruit.
956 2979 985 3017 r.
995 2960 1175 3014 Valentior.
1186 2966 1213 3029 3,
1224 2966 1251 3028 3,
1261 2965 1289 3020 9.

62 3035 172 3104 Quidni
183 3035 262 3088 idem
278 3034 352 3086 iuria
366 3033 397 3086 in
410 3033 542 3110 graviori
555 3034 641 3104 culpa
660 3035 719 3088 sit?
732 3035 948 3108 Argumentum
961 3032 1095 3086 acatono
1108 3047 1168 3087 non
1180 3041 1290 3104 petam,

61 3109 115 3179 qui
130 3109 188 3161 ait:
208 3107 244 3158 In
261 3104 405 3159 adulterio
417 3121 533 3158 uxorem
545 3112 622 3158 tuom
634 3105 662 3158 ai
677 3104 882 3174 prehendisset,
900 3103 1013 3172 impurae
1031 3118 1156 3157 aecum.
1175 3104 1289 3159 Vanum

62 3181 160 3244 enim;
180 3185 209 3231 et
220 3177 372 3247 pertinere
384 3184 501 3230 tantum
512 3176 679 3231 videaturad
692 3175 909 3248 deprehensam.
940 3173 1050 3228 Tamen
1065 3172 1122 3229 hoc
1132 3176 1240 3241 fateor,
1254 3191 1289 3232 ao

60 3249 740 3390 zt'iititzittttt‘itttfttttti
767 3247 1289 3372 ttitzttt‘tt‘t‘thtttt

60 3401 187 3464 rentque
206 3389 281 3443 dote.
318 3389 352 3442 11
370 3390 415 3442 iua
435 3391 509 3450 (aire
528 3405 589 3444 moa
606 3389 676 3457 ruit)
696 3388 815 3443 Plautus
837 3389 948 3442 indicat
974 3387 1050 3458 Amp
1073 3389 1122 3442 itr.
1142 3391 1290 3456 3,3,113

62 3481 123 3533 seq.
144 3471 174 3517 et
192 3461 270 3518 clare
287 3459 420 3524 Valerius
439 3463 467 3525 8,
486 3464 513 3526 2,
532 3465 557 3514 6.
594 3461 738 3537 Quumss.
761 3459 889 3512 Titiniae
909 3459 1122 3514 Minturnentt'a
1145 3460 1290 3516 Fannium

61 3549 191 3599 urorera,
223 3545 306 3602 quum
329 3529 502 3600 impudicum
525 3532 560 3585 de
582 3533 728 3586 industria
753 3533 883 3598 dancrat,
915 3544 947 3584 eo
970 3529 1090 3585 crimine
1108 3533 1290 3600 repudiatum

60 3607 191 3676 apoliure
211 3605 277 3657 dote
295 3610 458 3656 conaretur.
491 3603 609 3657 Porcius
627 3605 716 3658 Latro
734 3604 767 3658 in
784 3602 850 3658 Sen.
872 3610 1004 3658 controv.
1025 3605 1066 3659 15.
1087 3611 1190 3656 contra
1207 3603 1290 3657 adul-

60 3687 175 3732 teram:
203 3674 290 3739 utut,
318 3673 436 3742 iudicer,
463 3673 535 3727 mihi
557 3681 694 3728 tomento
719 3680 771 3740 eat,
807 3673 882 3744 qnod
908 3677 1005 3725 notatu
1023 3671 1129 3728 iudicio
1146 3690 1230 3728 ueror
1255 3679 1290 3726 ut

59 3745 280 3815 multiplicatum
297 3745 388 3800 dotem
404 3745 522 3817 perdat,
548 3747 615 3815 plur
639 3754 731 3800 tumen
758 3761 792 3800 cx
818 3749 934 3814 quaestu
952 3741 1041 3810 tutet,
1067 3745 1132 3814 plur
1155 3742 1289 3799 habituro

61 3827 104 3874 eat
131 3833 218 3890 quum
239 3825 371 3887 quantum
394 3817 542 3870 damnatae
562 3818 736 3885 perdendum
763 3822 814 3870 eat.
851 3816 930 3870 Haeo
948 3817 1111 3886 antiquitus
1129 3815 1292 3874 obtinuiaaa

61 3891 222 3956 ridentur3
241 3887 345 3960 quibus
364 3889 451 3943 addo:
470 3888 502 3943 Si
520 3889 621 3942 chariti
639 3888 813 3964 cognatique
831 3885 1063 3951 diasimulahant,
1081 3895 1141 3952 aut,
1160 3895 1194 3940 ut
1209 3886 1288 3940 Livii

59 3967 88 4028 2,
106 3965 134 4020 5.
154 3961 254 4015 verbio
272 3969 349 4024 utar,
383 3959 503 4015 idoneus
528 3959 558 4012 io
576 3961 692 4030 privato
711 3957 850 4030 supplicii
868 3967 988 4012 exactor
1010 3972 1097 4010 nemo
1116 3965 1194 4020 erat,
1228 3973 1288 4010 non

60 4049 130 4089 raro
153 4031 275 4105 publico
300 4031 410 4085 iudicio
436 4031 666 4103 persequabatur
695 4031 726 4086 11
752 4031 865 4083 crimen
895 4029 1085 4105 magistratus
1109 4035 1140 4081 at
1156 4045 1288 4098 praeser-

59 4107 115 4160 tim
141 4101 255 4160 aedilis.
291 4103 334 4156 Ac
358 4103 506 4158 damnator
523 4102 669 4157 damnatas
713 4099 827 4174 capud
847 4114 886 4171 po
907 4100 990 4152 ulum
1014 4099 1132 4170 reperio
1149 4099 1289 4168 pecunia-

59 4179 106 4231 ria
124 4176 247 4243 mulcta,
266 4175 357 4228 immo
375 4173 479 4230 exsilio
497 4173 654 4228 interdum.
672 4119 828 4258 {rumpia
845 4117 952 4228 aquxi
971 4187 1058 4242 cupra
1075 4172 1102 4234 1,
1120 4167 1290 4253 811111-

60 4249 162 4316 atilia;
182 4256 213 4302 et
229 4263 309 4300 nunc
326 4263 385 4302 nou
403 4260 522 4329 repono.
560 4244 640 4299 Addo
659 4262 674 4300 e
692 4245 811 4299 Valerio
829 4247 857 4308 u,
876 4248 902 4309 1,
920 4245 947 4298 8.
966 4241 1002 4296 de
1020 4241 1073 4296 Gn.
1092 4238 1288 4322 Ser3m18310,

60 4321 109 4376 cai
125 4319 335 4390 promimur-aaa
359 4315 573 4385 mutnfmitiue
594 4331 770 4374 nummorum
786 4314 889 4386 patio
913 4313 976 4370 dier
999 4313 1038 4368 od
1057 4311 1192 4384 poputum
1208 4311 1288 4368 iacta

952 4386 1021 4454 ³⁵*
