2800 4790
191 249 253 317 136
560 245 801 314 ANNALIIIM
831 245 916 310 LIB.
934 243 1030 310 XIII.

187 415 306 471 Tacitus
330 431 473 486 nusquam
490 413 567 469 dixit
581 413 701 484 perinde
718 419 817 485 etque,
845 413 892 482 (ut
914 411 975 466 (tic.
999 412 1088 467 Marc.
1105 413 1133 468 4.
1156 417 1186 465 et
1206 426 1250 482 ep.
1271 407 1304 462 ed
1324 407 1373 462 lte

186 489 233 554 16,
250 487 291 553 6.)
309 487 360 542 sed
377 487 426 541 vel
441 487 562 558 perinde
580 501 614 540 oe
631 487 680 540 vel
696 502 724 555 p.
744 501 839 556 queens
865 484 924 538 nisi
940 483 1039 556 potins
1058 481 1204 537 Octauiam
1225 487 1267 536 est
1300 479 1374 533 losse·

186 576 234 612 me
252 566 281 613 ct
299 558 481 624 eiicieudm
500 554 682 628 quodetiam
700 558 883 627 suspicentur
899 553 980 610 Brut.
999 554 1104 612 Riessl.
1122 550 1234 610 walth.
1291 567 1375 620 eper-

185 629 278 684 tioula
302 645 337 682 ce
360 637 427 685 aute
453 629 585 684 vocalem
610 647 639 683 v.
658 627 693 681 ed
711 631 754 693 11,
774 630 818 695 11,
838 631 862 684 l.
899 624 1067 680 Britannici
1092 640 1149 682 eor.
1170 624 1227 679 ou.
1251 622 1318 690 (siue
1338 619 1374 687 ec)

185 699 243 759 MS.
261 700 302 756 lle
323 737 331 751 .
350 701 393 759 ed.
413 699 432 754 S
454 701 490 754 ir.
508 714 543 752 cc
559 716 614 754 eor.
633 699 707 752 Brit.
727 698 787 752 Oct.
812 698 874 753 edd·
893 714 951 762 rec.
977 704 1096 753 auctore
1120 695 1192 752 Ern.
1219 695 1268 767 qui
1287 709 1375 764 perpe·

185 719 418 900 unffi-mque
430 771 485 900 illios
501 768 680 827 hoc-ordine
704 769 767 848 legi
793 769 825 824 iu
843 769 887 824 ed
906 767 984 840 Spir.
1013 795 1047 808 -
1068 765 1225 838 parricidii
1245 763 1376 834 euernpinn

185 861 257 899 ime·
322 887 329 902 .
348 862 364 898 fl
418 879 428 910 5
480 878 490 910 μ
510 847 535 900 l·

623 987 727 1077 041)
744 983 815 1042 Ur
857 981 973 1041 xvir.

267 1093 319 1160 Ita
349 1103 426 1179 post
455 1093 560 1161 breve
590 1097 762 1160 silentium
791 1093 935 1177 repetite
962 1089 1111 1155 convivii
1137 1087 1275 1152 leetitie.
1316 1083 1378 1150 Nox

185 1173 300 1240 eedem
320 1197 436 1242 necem
456 1178 643 1242 Britannici
671 1170 705 1243 et
725 1195 846 1268 rogum
867 1177 1053 1254 coniunxit,
1085 1175 1222 1257 proviso
1249 1177 1319 1234 aute
1336 1171 1377 1230 tu-

185 1257 283 1322 nebri
303 1269 435 1344 paratu,
457 1265 513 1344 qui
533 1262 683 1325 modicus
703 1263 779 1327 fuit.
822 1258 864 1321 Iu
884 1276 1000 1341 cempo
1021 1265 1132 1319 temen
1146 1256 1268 1320 Martis
1288 1251 1378 1333 sepul·

184 1351 239 1405 tua
261 1351 322 1422 eet,
346 1344 429 1408 adeo
449 1344 594 1409 turbidis
614 1346 790 1424 imbribus,
817 1350 857 1405 ut
876 1342 997 1428 vulgus
1018 1341 1104 1401 irem
1126 1338 1225 1402 deum
1244 1331 1379 1422 portendi

185 1421 372 1489 crediderit
391 1425 551 1490 adversus
572 1431 711 1502 facinus,
740 1429 796 1490 tui
816 1427 968 1510 plerique
989 1423 1093 1486 etiem
1112 1421 1281 1485 bominum
1300 1421 1378 1506 lgne-

184 1507 320 1574 scebent
340 1511 490 1594 antiques
511 1512 655 1574 fratrum
677 1509 859 1574 discordias
883 1516 916 1570 et
937 1504 1130 1568 insociabile
1143 1523 1281 1591 reguum
1297 1500 1379 1564 aesti-

184 1600 322 1657 mantes.
366 1592 522 1656 Tradunt
541 1594 691 1678 plerique
712 1613 831 1658 eorum
844 1603 1035 1674 temporum
1053 1591 1250 1671 scriptores,
1270 1583 1378 1648 crebris

184 1683 262 1738 ente
283 1676 420 1760 exitium
441 1675 557 1740 diebus
577 1678 715 1740 illusum
735 1678 801 1740 Isse
821 1677 987 1760 pueritiae
1009 1671 1199 1734 Britannici
1218 1669 1387 1742 Neronem,

183 1765 223 1820 ut
244 1760 311 1820 iam
331 1779 399 1824 non
419 1760 630 1842 praematura
650 1779 758 1844 neque
777 1779 877 1822 saeva
897 1778 988 1821 mors
1009 1753 1258 1837 videriqueet,
1287 1769 1381 1834 quem·

184 1843 236 1904 vis
258 1843 350 1904 inter
370 1861 465 1904 sacru
486 1862 627 1924 menses,
658 1863 701 1907 ne
728 1853 879 1925 tempore
900 1839 1035 1925 quidem
1056 1836 1100 1900 ed
1120 1838 1324 1922 complexum
1341 1851 1382 1894 so-

183 1925 259 2006 rori
280 1921 370 2005 dato,
391 1934 467 1988 ente
488 1925 603 1988 oculos
624 1927 752 1988 inimici
774 1935 953 2010 properate
974 1923 1074 1984 sitin
1095 1921 1192 1982 illum
1209 1935 1383 2002 supremum

185 2004 405 2069 Claudiorum
434 2011 630 2095 sauguinem
659 2017 714 2071 stu
736 2028 777 2070 ro
809 2009 903 2091 prius
934 2027 1032 2090 quam
1061 2024 1195 2069 venenu
1227 2001 1382 2086 pollutum.

184 2089 441 2154 Festinationem
453 2093 684 2174 exsequiarum
695 2029 805 2154 edicto
818 2088 941 2152 Caesar
952 2086 1111 2168 defendit,
1132 2086 1170 2151 id
1183 2108 1205 2151 a
1219 2083 1383 2148 maioribus

89 2221 90 2226 1
184 2174 378 2234 institutum
399 2176 560 2253 reterens,
595 2173 784 2237 subtrahere
810 2173 913 2236 oeulis
939 2171 1058 2235 acerba
1076 2170 1196 2254 funera
1215 2187 1312 2252 neque
1329 2165 1387 2228 tan,

83 2289 93 2305 ι
169 2254 372 2319 ,άαιὶοιιὶὸιιι
400 2266 458 2319 cut
476 2276 591 2339 pompe
611 2257 761 2322 detinere.
806 2255 950 2324 Ceterum
980 2265 1012 2318 et
1040 2255 1106 2318 eibi
1132 2257 1253 2318 amisso
1283 2251 1387 2335 fratris

186 2339 311 2402 nuxiiic
333 2339 473 2421 reliques
492 2361 565 2422 spes
585 2342 621 2404 in
643 2361 678 2403 re
696 2339 827 2420 publiea
846 2343 941 2412 situs,
962 2351 995 2400 et
1008 2347 1099 2400 tanto
1113 2341 1220 2422 magis
1234 2333 1387 2418 foumdun

185 2418 343 2486 Patribus
359 2423 540 2506 populoque
560 2422 752 2508 Principem,
772 2427 828 2508 qui
848 2441 930 2487 unns
946 2431 1122 2504 superesset
1144 2442 1161 2485 e
1177 2420 1308 2503 farnito
1319 2435 1387 2482 suen·

184 2523 263 2569 enum
284 2506 328 2568 cd
346 2504 517 2590 fastigium
535 2511 662 2591 genitu.

207 2645 215 2662 ·
257 2628 283 2679 1.
302 2622 366 2678 Noe
384 2625 482 2679 ecdem
499 2641 591 2680 necem
616 2635 669 2682 cet
705 2628 800 2681 Minus
822 2623 983 2698 probabilia
1007 2623 1133 2679 Zonaras
1157 2625 1267 2690 11,1n
1292 2628 1320 2676 et
1342 2615 1387 2671 niu

184 2697 232 2762 61,
251 2696 277 2752 7.
297 2695 432 2763 tradunts
449 2695 530 2767 inps.
544 2729 600 2746 --
619 2705 726 2767 paratu
743 2696 821 2752 MSS.
841 2696 922 2751 Flor.
950 2694 1021 2750 Bud
1047 2694 1108 2748 edd.
1127 2691 1206 2765 Spir.
1228 2710 1290 2766 sqq.
1316 2703 1387 2759 appu*

186 2774 254 2822 ratu
272 2765 350 2822 MSS.
371 2766 468 2821 Guelt.
487 2768 570 2824 Harl.
588 2768 671 2822 Bodl.
698 2769 753 2823 les.
778 2776 809 2822 et
834 2767 897 2824 edd.
924 2775 978 2822 cet.
1006 2766 1052 2821 Cf.
1077 2766 1113 2819 ad
1131 2769 1175 2830 11,
1194 2769 1242 2831 30,
1261 2769 1287 2821 3.
1316 2789 1346 2802 -
1362 2759 1387 2816 lt

166 2833 283 2907 'cumpo
300 2839 412 2892 Martie
428 2840 554 2909 repudies
572 2844 624 2903 eet,
653 2842 691 2896 ei.
710 2840 746 2893 ad
764 2840 789 2904 I,
807 2841 834 2896 8.
853 2842 881 2900 3,
901 2839 943 2893 73.
963 2843 990 2905 3,
1008 2842 1054 2895 41.
1089 2836 1203 2890 Martie
1222 2835 1303 2890 MSS.
1321 2833 1387 2886 Mon

187 2908 286 2966 Guelf.
306 2910 388 2964 Harl.
407 2910 463 2964 les.
483 2910 546 2965 edd.
564 2909 643 2963 Pieli.
665 2927 726 2980 sqq.
762 2909 877 2963 Martio
904 2907 964 2963 MS.
989 2908 1071 2964 Bodl.
1084 2926 1086 2934 ’
1100 2906 1163 2961 edd.
1192 2917 1250 2964 cet.
1287 2905 1387 2978 Meneni

185 2981 279 3036 adbuc
297 2981 403 3035 rudera
420 2980 558 3052 sepulcri,
585 2999 658 3052 quae
686 2982 814 3035 Piranesi
836 2980 987 3044 Anticliita
1010 2981 1138 3035 Romane
1160 2977 1194 3031 T.
1215 2980 1257 3033 11.
1283 2977 1338 3032 tab.
1354 2977 1387 3042 ib

92 3071 96 3078 ·
187 3055 231 3108 61.
251 3054 296 3108 63.
317 3052 447 3120 exbibet,
463 3054 548 3120 Brpt.
569 3079 602 3092 ·-
621 3051 714 3107 dedens
733 3054 766 3106 in
783 3050 840 3105 MS.
859 3051 957 3108 Gneli.
978 3051 1034 3105 dei.
1055 3077 1088 3089 -
1107 3048 1155 3102 cui
1169 3050 1300 3122 plerique
1317 3047 1387 3102 etinn

187 3121 331 3178 lominum
347 3124 541 3192 ignoscebant,
561 3124 600 3177 cf.
619 3123 703 3178 Philo
721 3125 787 3190 περὶ
804 3127 950 3194 πρεσβείας
966 3140 996 3193 p.
1016 3119 1099 3188 IM13
1118 3121 1203 3175 Gron.
1224 3123 1294 3176 Non
1311 3107 1387 3178 1113

189 3194 289 3250 Gueli.
310 3194 390 3249 ebest
406 3196 504 3264 etiam,
524 3195 602 3266 quod
617 3195 690 3249 Ern.
709 3195 841 3260 tradidit,
861 3192 947 3264 idque
966 3192 1099 3257 intendit,
1129 3193 1286 3247 confimat
1304 3203 1387 3246 socen

143 3274 147 3280 ‘
185 3265 325 3336 plerique,
344 3283 406 3319 uon
421 3285 496 3321 unus
514 3276 544 3321 et
560 3267 643 3333 alter,
663 3267 714 3322 sed
730 3267 872 3338 plerique
882 3266 984 3332 stiam3
1012 3262 1120 3317 Wattt.
1158 3261 1200 3318 De
1226 3281 1293 3320 voc.
1315 3258 1387 3331 pieri

189 3353 241 3407 qne
258 3355 287 3389 v.
307 3335 343 3390 ed
359 3341 388 3400 3,
400 3340 445 3405 33,
455 3342 481 3393 4.
501 3371 534 3381 -
553 3337 720 3391 ieeeoeicbile
738 3353 868 3406 regnum,
886 3345 920 3389 ut
937 3335 1026 3402 infida
1042 3335 1129 3404 regni
1146 3335 1270 3390 societur
1283 3332 1387 3406 sap-liin

189 3413 216 3474 1,
236 3411 278 3465 14.
298 3439 331 3450 -
351 3409 542 3480 aestimantes,
562 3423 597 3462 co
619 3409 732 3475 'tantes,
751 3416 932 3481 reputantes3
958 3407 1028 3460 lien.
1065 3407 1253 3473 „Aestimure
1278 3415 1324 3463 est
1347 3404 1387 3458 sol

189 3477 295 3534 lentius
322 3497 387 3534 rem
411 3481 529 3550 eiusque
556 3480 588 3532 iu
609 3480 685 3534 olem
709 3486 739 3534 et
763 3480 892 3551 pretium
915 3479 951 3533 nd
973 3478 1130 3532 veritatem
1147 3479 1274 3554 exigere,
1303 3477 1387 3530 Germe

96 3573 100 3580 ·
190 3549 429 3616 ebscbiitueu,
447 3559 482 3602 ut
499 3567 543 3620 ap.
565 3549 647 3604 Gurt.
666 3554 694 3616 3,
713 3555 739 3613 ⁷,
758 3556 800 3608 14.
819 3555 846 3616 4,
865 3552 892 3616 6,
911 3551 937 3605 8.
958 3549 996 3604 el.
1023 3549 1065 3602 At
1089 3550 1115 3603 si
1138 3549 1279 3604 adiicitur
1302 3547 1387 3602 modu

191 3628 220 3676 et
237 3623 327 3685 ratio,
345 3621 381 3675 ad
398 3637 484 3693 qnam
501 3620 558 3674 hoc
574 3622 623 3689 fit,
639 3619 790 3676 ueitimcre
807 3637 866 3675 uon
884 3621 969 3674 modo
987 3621 1037 3673 iun
1060 3621 1122 3673 itur
1144 3621 1320 3692 praepositi.
1342 3629 1387 3689 pet

190 3695 237 3760 (ut
253 3694 325 3770 Agr.
343 3693 400 3760 40.)
419 3693 579 3759 secundum,
608 3709 643 3747 ex
660 3701 690 3746 et
707 3693 751 3760 cd,
780 3693 936 3747 sedetiam
964 3639 1068 3764 simpi
1081 3690 1217 3760 ablativo,
1241 3701 1277 3745 ut
1297 3685 1387 3756 11,30

145 3805 147 3808 -
190 3765 227 3820 H.
246 3769 274 3830 4,
299 3767 343 3820 13.
368 3764 441 3842 Agr.
461 3767 487 3821 6.
516 3763 608 3834 (quem
631 3765 815 3819 contubernio
842 3763 1018 3830 aestimaret,
1045 3761 1075 3818 h.
1090 3781 1113 3816 e.
1139 3780 1175 3817 ax
1201 3755 1387 3824 contubernii

191 3836 410 3902 cousuetudine,
429 3843 463 3888 ut
481 3839 524 3898 13,
542 3838 585 3892 46.
607 3852 621 3888 e
638 3837 819 3890 contubernio
837 3834 950 3902 seruile)
968 3833 1032 3887 Liv.
1052 3837 1078 3900 7,
1098 3835 1142 3889 32.
1162 3837 1207 3900 33,
1223 3838 1249 3891 3.
1271 3832 1340 3890 Seu.
1361 3849 1387 3902 ep

190 3908 235 3964 76.
273 3907 319 3960 Ita
336 3916 365 3961 et
383 3923 495 3962 censere
576 3909 646 3964 .45.
666 3907 697 3964 0.
715 3907 781 3966 39.α
805 3904 917 3960 Wuict.
942 3904 978 3958 ad
996 3905 1067 3981 Agr.
1086 3907 1113 3961 5.
1144 3905 1337 3970 „Aestimure
1363 3919 1387 3958 es

192 3977 292 4034 Germ.
313 3977 503 4045 ech'itzeu,
528 3997 544 4032 e
571 3983 711 4056 wigen,
740 3981 927 4055 erw'igen,
955 3983 1088 4030 accurate
1114 3991 1178 4030 rem
1201 3977 1324 4048 eiusque
1341 3987 1387 4047 prt

190 4051 266 4104 tium
279 4047 449 4120 ponderare,
466 4049 659 4121 perpendere,
677 4058 830 4121 reputare,
858 4046 1025 4102 existimare
1051 4055 1093 4101 est
1120 4063 1302 4120 consequens
1322 4045 1387 4102 aesd

134 4129 137 4136 ’
190 4123 336 4188 metionis,
361 4122 484 4192 opinari,
510 4121 656 4187 arbitrari,
682 4123 855 4176 senteutiam
878 4139 900 4176 e.
926 4118 1069 4175 iudicium
1094 4119 1204 4176 ferre.“
1234 4119 1347 4174 Wure.
1375 4135 1387 4172 s

190 4191 254 4252 b.l,
274 4192 319 4250 Gi.
338 4193 432 4256 Heres
456 4193 518 4246 .ad
535 4192 605 4247 Sall.
625 4191 688 4250 Get.
706 4195 778 4260 3,1.
799 4192 940 4246 Goerene·
959 4188 995 4244 ed
1013 4189 1073 4246 Cic.
1088 4190 1144 4246 fin.
1162 4193 1190 4258 ³,
1208 4193 1236 4256 2,
1253 4193 1282 4248 6.
1314 4191 1387 4246 Grot

191 4264 227 4319 ad
244 4266 307 4322 biv.
326 4269 354 4331 4,
371 4266 415 4320 41.
433 4211 478 4330 ξι,
496 4268 523 4322 3.
548 4263 728 4318 aestimantes
744 4263 793 4319 vel
820 4263 991 4316 estimantes.
1009 4259 1087 4318 MSS.
1109 4261 1174 4316 Vat.
1193 4265 1271 4320 1366.
1298 4264 1375 4340 Agr.

190 4351 231 4394 m.
250 4353 306 4392 sec.
331 4335 429 4392 Gueli.
456 4335 518 4394 edd.
542 4337 605 4394 Put.
623 4340 650 4392 l.
668 4339 695 4393 1.
720 4335 784 4391 Ber.
808 4333 898 4388 liben.
919 4339 943 4389 1.
968 4333 1041 4387 nen.
1063 4349 1126 4406 sqq.
1152 4335 1326 4390 extimantes
1352 4329 1387 4392 Mi
