2854 4788
164 188 227 254 tto
552 179 796 248 ANNALIUM
817 179 901 244 LlB.
923 177 1000 244 XV.

164 351 252 420 vict.)
276 360 306 406 et
329 349 427 406 Guelt.
450 369 468 404 a
490 367 529 404 m.
555 365 611 404 sac.
647 346 768 402 Atiliana
791 343 847 400 MS.
867 345 1000 402 Gueli.a
1026 361 1064 398 m.
1082 362 1128 416 pr.
1159 352 1190 399 et
1211 343 1272 400 edd.
1296 347 1366 416 lips

165 421 243 478 l’ioh.
265 439 328 492 sqq.
365 421 491 476 Atilium
508 419 585 476 MSS.
604 419 685 472 Bodl.
704 418 759 472 Ias.
787 416 923 471 Attiltam
940 415 983 472 ed.
1003 413 1081 486 Spir.
1100 414 1147 471 cf.
1167 425 1234 486 cap:
1248 421 1281 471 71
1300 425 1366 470 extr.

166 493 215 547 ubi
234 493 342 546 Actttia
360 491 419 548 MS.
503 485 1188 562 ,01801071111100111100110.60οΜ
1228 523 1235 538 .
1270 488 1368 542 Attilla

165 565 228 620 edd.
248 565 326 635 Lips·
367 573 451 618 oster.
491 561 549 616 iob.
570 563 654 618 Grut.
682 561 778 614 Atilia
797 558 854 616 MS.
874 559 969 614 Guelf.
989 577 1005 612 a
1023 576 1061 612 m·
1081 575 1136 612 sec.
1154 505 1218 613 edd.
1235 560 1367 616 Put.1.2

167 635 288 690 Glitiam
306 581 368 690 edd.
387 635 464 706 Spir.
484 634 579 690 Obenl.
599 650 660 704 sqq.
686 632 807 686 Gliciam
823 630 900 688 MSS.
927 629 1023 684 Guelf.
1048 629 1111 685 edd.
1135 630 1199 681 Put·
1219 631 1286 686 19
1309 630 1367 684 Ber.
1402 665 1403 672 1

166 707 321 776 (adquam
341 706 529 767 siluitVict.)
548 712 649 760 etoet
686 704 866 774 „Frequens
893 705 924 756 in
952 700 1096 770 lapidibus
1117 699 1274 754 Glitiomm
1300 719 1370 754 men·

166 780 221 844 tio,
239 795 297 840 non
316 777 482 834 Gliciorum.
501 794 530 830 r.
551 777 669 831 Gruter.
698 775 731 828 in
748 773 813 828 lnd.
849 773 905 828 Sed
930 771 1016 828 Glitii
1048 787 1162 843 quoque
1188 771 1266 824 Galli
1290 775 1369 842 epita-

166 848 270 922 phium
289 857 355 903 ante
373 849 430 903 duo
448 846 562 903 saecula
579 846 658 900 Veiis
683 853 832 916 repertum
861 844 979 900 exhibet
1001 843 1149 896 Nardinus
1174 843 1206 896 in
1224 842 1299 897 Veiis
1320 853 1367 896 ant

100 917 104 932 ⁴
167 923 240 984 Η.
261 917 726 984 cf.'1ties.1tal,ant.'r.VI11.
752 915 781 970 P.
801 916 858 972 Ill.
881 935 910 988 p.
930 913 997 973 56.“
1024 914 1117 968 Otert.
1156 915 1193 968 ln
1216 913 1272 970 MS.
1298 915 1368 966 l'lor.

166 991 292 1061 g'ligiam
310 1000 384 1046 teste
402 989 500 1044 Furia.
522 1019 554 1032 -
574 987 699 1044 Anniana
718 987 881 1054 Pollionem,
908 991 945 1040 cf.
965 988 992 1050 a,
1010 989 1037 1043 9.
1075 986 1208 1040 Anneum
1235 985 1276 1040 ad.
1303 983 1368 1056 Spir.

168 1064 218 1118 sed
236 1081 260 1116 c.
279 1067 321 1118 71.
359 1061 437 1115 Anio
456 1069 485 1115 et
504 1062 547 1128 16,
565 1063 611 1118 39.
631 1061 737 1114 Annio.
763 1087 795 1098 -
811 1060 997 1130 praecipuos.-
1016 1075 1032 1112 e
1049 1057 1105 1113 tls.
1133 1057 1217 1112 Flos.
1235 1057 1369 1126 praecipue

168 1141 323 1190 enatarunt
340 1135 415 1188 Viot.
434 1141 464 1188 et
482 1133 580 1187 Furia.

593 1287 786 1346 carot
838 1286 947 1342 LVll.
1050 1295 1054 1302 '

252 1415 359 1498 Atque
385 1415 520 1477 interim
550 1413 644 1478 Nero
678 1413 896 1494 recordatus,
936 1413 1065 1474 Volusii
1087 1412 1236 1476 ’Proculi
1260 1409 1369 1474 indicio

170 1498 350 1578 Epicharin
371 1499 520 1577 attineri,
543 1507 701 1582 ratusque
722 1499 886 1561 muliebre
907 1516 1029 1578 corpus
1043 1499 1153 1579 impar
1171 1496 1293 1574 dolori,
1312 1503 1370 1556 tor·

170 1583 291 1642 mentis
312 1579 489 1644 dilacerari
511 1581 614 1646 iubet.
656 1583 812 1646 atillam
834 1602 901 1643 non
921 1580 1073 1652 verbera,
1103 1601 1171 1642 non
1194 1583 1296 1670 ignes,
1316 1596 1369 1640 non

170 1666 222 1726 ire
245 1685 283 1728 eo
305 1667 415 1728 acrius
429 1669 670 1746 torquentium,
693 1687 734 1731 ne
750 1687 769 1729 a
785 1667 908 1728 femina
922 1672 1178 1747 spernerentur,
1201 1667 1370 1748 pervicere,

170 1750 251 1830 quin
273 1749 400 1812 obiecta
422 1747 612 1836 denegaret.
666 1748 722 1812 sie
753 1753 881 1834 primus
913 1751 1116 1832 quaestionis
1147 1749 1220 1812 dies
1242 1756 1369 1812 oontem-

74 1871 77 1882 ·
170 1841 256 1915 ptus.
306 1834 444 1896 Postero
473 1855 573 1918 quum
602 1833 645 1897 ad
673 1835 805 1899 eosdem
835 1837 1004 1898 cruciatus
1026 1833 1262 1896 retraheretur
1280 1841 1369 1918 gesta

170 1919 260 1980 mine
282 1919 392 1997 sellae,
415 1919 504 1998 (nam
526 1920 696 1986 dissolutis
718 1921 876 1982 membris
897 1919 1052 1982 insistere
1074 1917 1249 2000 nequibat)
1273 1916 1369 1978 vinclo

170 2005 304 2081 fasciae,
337 2023 435 2088 quam
457 2007 587 2083 pectori
608 2003 810 2084 detraxerat,
841 2006 877 2064 in
905 2000 1039 2063 modum
1068 2003 1181 2083 laquei
1210 2002 1253 2064 ad
1273 2019 1368 2061 arcun

170 2086 273 2150 sellae
305 2089 477 2164 restricto,
509 2085 633 2148 indidit
659 2091 826 2149 cervicem
854 2095 889 2148 et
908 2087 1060 2166 corporis
1082 2086 1234 2168 pondere
1255 2085 1371 2146 connisa

170 2177 305 2231 tenuem
325 2173 392 2231 iam
413 2172 570 2252 spiritum
587 2172 764 2248 expressit,
791 2171 936 2232 clariore
958 2170 1107 2251 exemplo
1129 2169 1286 2232 libertina
1311 2185 1369 2226 nu-

171 2253 236 2340 lier
268 2254 304 2312 in
329 2259 423 2313 tauta
451 2257 648 2316 necessitate
674 2254 800 2314 alienos
821 2272 860 2315 ac
880 2271 986 2334 prope
1007 2255 1139 2336 ignotos
1169 2247 1369 2350 protegendo,

171 2355 274 2416 quum
297 2337 435 2422 ingenui
467 2343 501 2396 et
527 2337 595 2397 viri
626 2345 661 2398 et
682 2337 817 2419 Equites
839 2335 979 2396 Romani
1007 2343 1245 2419 senatoresque
1272 2332 1370 2393 inusti

170 2421 348 2481 tormentis
396 2419 566 2482 carissima
617 2437 755 2481 suorum
798 2421 936 2502 quisque
973 2421 1152 2504 pignerum
1193 2416 1368 2502 proderent.

170 2501 249 2566 Non
272 2503 360 2563 enim
382 2503 581 2564 omittebant
601 2501 757 2566 Lucanus
780 2521 910 2584 quoque
932 2510 965 2563 et
978 2501 1116 2564 Senecio
1139 2511 1175 2564 et
1190 2501 1370 2566 Quintianus

171 2587 291 2668 passim
319 2587 469 2648 conscios
499 2585 608 2664 edere,
643 2588 746 2674 magis
770 2587 939 2672 magisque
962 2585 1085 2668 pavido
1105 2584 1256 2663 Nerone,
1285 2601 1369 2664 quan·

170 2689 268 2750 quam
289 2668 519 2752 multiplicetis
547 2670 693 2732 excubiis
714 2681 819 2732 semet
839 2669 1003 2752 sepsisset.

241 2791 265 2842 1.
289 2786 403 2841 Volusii
420 2785 537 2841 1900011
553 2787 661 2841 indicio
680 2785 836 2856 Epicbarin
863 2785 994 2852 attineri,
1019 2801 1099 2841 reem
1125 2803 1197 2853 esse,
1226 2787 1370 2838 consortem

163 2859 379 2912 'coniurationis
398 2857 557 2925 declareri3
576 2859 645 2912 lien.
682 2858 791 2912 lmmo:
817 2858 936 2923 indicio,
963 2857 992 2910 ln
1005 2875 1030 2914 e.
1057 2865 1184 2928 propter
1210 2856 1284 2910 illud
1306 2852 1370 2906 indi·

170 2931 260 2994 cium,
275 2933 323 2995 (of.
344 2929 407 2982 lnd.
426 2929 480 2982 111.
499 2946 530 2982 u.
549 2930 679 2984 Ablativi
696 2930 943 2984 Substantia-orum
966 2929 1099 2994 absoluti)
1131 2929 1164 2981 iu
1189 2926 1313 2982 custodia
1334 2939 1370 2974 re·

170 3001 271 3054 tineri.
292 3019 320 3056 r.
341 3017 402 3070 cap.
422 3003 465 3056 ⁵1.
486 3009 515 3054 et
533 2999 594 3054 lnd.
614 3002 654 3054 11.
674 3019 702 3058 v.
723 3002 855 3055 attinere.
894 3001 929 3052 ln
948 3001 991 3054 ed.
1011 2999 1088 3072 Spin.
1108 3000 1213 3053 teneri.
1243 3027 1275 3036 —
1292 2996 1371 3062 inpar

172 3072 268 3126 dolori
286 3087 324 3126 sc.
344 3089 406 3127 esse
422 3073 472 3126 vel
490 3075 565 3128 fore.
586 3072 630 3129 Gi.
652 3073 715 3126 lnd.
735 3072 789 3132 111.
814 3093 842 3128 r.
863 3071 986 3139 Eltipaes
1004 3076 1027 3126 1.
1048 3078 1074 3140 β.
1102 3103 1133 3114 -
1160 3072 1202 3124 Aa
1226 3069 1303 3122 ittam
1324 3071 1368 3117 cet.

171 3145 210 3195 ct.
229 3143 340 3215 Xiphil.
360 3146 406 3208 6²,
424 3147 468 3200 77.
498 3151 527 3197 et
545 3144 641 3198 simile
659 3145 824 3216 exemplum
843 3161 887 3214 ap·
908 3142 961 3199 Sil.
982 3148 1008 3208 1,
1028 3145 1079 3199 169
1097 3159 1160 3212 sqq.
1192 3139 1319 3195 Aetatem
1335 3135 1369 3190 ed.

172 3211 304 3340 Spirdl-l-
328 3215 420 3341 ippm,
449 3215 575 3270 laminae
592 3217 734 3271 ardentes.
763 3249 796 3260 -
819 3215 973 3285 pervicere,
999 3213 1067 3285 quin
1090 3214 1202 3267 obiecta
1226 3210 1369 3278 nenegant

172 3303 234 3340 ua
308 3291 342 3350 ,⁸
373 3287 392 3350 ‚'
405 3297 427 3339 t.
468 3290 471 3299 '

242 3359 269 3412 2·
289 3357 339 3412 Sic
354 3358 467 3424 primae
486 3359 661 3429 quaestionis
679 3359 741 3412 dies
758 3363 939 3428 contemptus,
958 3357 1074 3423 illusus,
1100 3356 1206 3410 irritus
1233 3355 1368 3411 diunisiae

172 3429 241 3481 Era.
263 3459 295 3470 -·
314 3431 472 3497 gestamine
492 3431 588 3492 sellae,
611 3447 640 3482 v.
666 3432 702 3482 ed
720 3435 763 3498 11,
787 3434 876 3496 33‚2
914 3429 1048 3496 „Eadem
1072 3428 1193 3482 saevitia
1222 3435 1273 3494 est,
1298 3437 1370 3494 qmffl

171 3501 266 3582 tangit
286 3498 451 3555 Ammianus
470 3505 555 3554 Marc.
573 3504 619 3568 29,
638 3503 667 3567 2,
685 3505 713 3558 3.
740 3503 898 3572 promiscue
917 3501 1030 3556 iuvenes
1048 3500 1156 3569 aliique
1172 3497 1301 3554 menbris
1323 3507 1369 3546 ota·

172 3571 253 3624 nabas
270 3573 357 3641 capti,
376 3572 543 3643 paralytici,
563 3573 601 3625 ad
618 3573 757 3642 supplicia
776 3574 856 3628 sellia
879 3571 1051 3640 gestatoriis
1077 3569 1277 3624 ducebantur.“
1301 3565 1367 3634 lips·

172 3669 206 3680 -
224 3659 290 3696 nam
308 3643 458 3696 dissolutis
476 3642 620 3706 (distortis
639 3651 668 3698 et
687 3646 809 3715 equuleo
829 3647 969 3709 extentis)
995 3643 1127 3696 menbris
1149 3641 1291 3726 (pedibus)
1311 3631 1369 3689 inti·

172 3721 247 3768 stere
266 3714 411 3785 nequibat:
432 3714 520 3767 verba
536 3713 609 3768 haec
627 3715 657 3768 in
678 3715 720 3769 ed.
741 3716 819 3787 Spir.
840 3717 952 3782 omissa,
971 3714 1047 3768 unde
1062 3715 1189 3784 suspicio
1208 3705 1368 3792 glossematis

171 3789 252 3841 nasci
270 3787 376 3856 possit,·
409 3783 516 3838 Wattb.
554 3785 610 3840 Sed
628 3795 693 3856 apta
712 3795 780 3840 sunt
797 3786 827 3840 b.
841 3786 862 3840 1.
889 3805 943 3841 esec
960 3785 1062 3839 Tacito
1085 3785 1149 3838 indi
1190 3803 1213 3839 a.
1239 3811 1270 3850 ·.··
1294 3775 1369 3831 viena

169 3857 289 3922 rasciae,
309 3873 392 3928 quam
402 3856 521 3926 pectori
538 3857 714 3925 detraxerat,
732 3859 839 3912 tasciae
857 3859 1014 3930 pectoralis
1033 3875 1054 3910 s.
1070 3803 1251 3922 mamffinis,
1270 3869 1318 3922 qua
1332 3849 1369 3900 le·

169 3930 322 4053 ppfinffrp·
340 3929 480 4057 laiiilaeess
502 3937 684 4056 alaprpppptup,
705 3929 988 4055 leltroplsibdcgtrtpc,
1014 3927 1113 4052 §tem
1139 3918 1368 4055 {usfipbffip

210 4017 362 4052 .ar1a.
418 4037 490 4063 ,.
675 4020 847 4056 ‚eins-a
915 4017 1132 4056 veiham.
1250 4035 1257 4050 .

163 4072 222 4124 stit
241 4071 316 4124 clav.
337 4070 401 4125 Gir.
422 4091 451 4124 v.
470 4035 674 4139 stropltium'et
691 4073 767 4143 inpr.
787 4073 933 4150 Bbttigeri
952 4073 1056 4127 Sabina
1074 4089 1104 4141 p.
1115 4073 1158 4126 73.
1170 4037 1232 4128 ’toa
1252 4068 1304 4122 172
1315 4061 1365 4118 376.

172 4140 215 4194 01.
234 4159 280 4212 pr.
300 4141 347 4207 (Τ.
367 4143 391 4198 1.
410 4159 438 4212 p.
461 4145 602 4199 181197.
628 4141 661 4198 Τ.
683 4142 721 4195 11.
750 4161 779 4215 p.
801 4148 861 4202 114.
890 4144 934 4198 ed.
960 4146 1029 4204 sec.)
1055 4173 1088 4184 -
1113 4142 1153 4194 ad
1175 4156 1267 4195 orcum
1286 4135 1366 4215 tellau

171 4229 244 4280 quae
272 4212 344 4266 hinc
370 4213 471 4268 sellula
495 4219 615 4268 arcuata
639 4213 747 4268 Arnob.
767 4215 804 4270 11.
828 4233 857 4286 p.
877 4219 919 4272 75.
950 4214 994 4270 ed.
1013 4212 1131 4268 Harald
1161 4221 1190 4270 et
1213 4206 1369 4265 arciaibnm
1398 4247 1403 4268 ,

171 4281 285 4336 Peteon.
306 4285 350 4341 75.
371 4283 496 4352 dicitur,
523 4285 604 4355 Ryalt.
631 4317 662 4328 -
683 4287 800 4341 connisa
826 4285 882 4340 MS.
902 4285 982 4342 Flac.
1011 4287 1099 4354 (testa
1117 4285 1205 4351 Vict.)
1224 4281 1282 4338 edd.
1299 4276 1365 4345 hipt·
