2872 4786
366 255 368 264 t
436 273 438 278 .
473 211 534 278 AD
565 211 732 298 ANlNAL⁰
765 211 851 281 LIB-
880 213 908 278 1·
1239 217 1303 286 ⁵1⁷

1076 317 1084 346 b

75 380 119 435 ad
136 393 185 434 res
202 394 288 436 nouus
302 384 424 449 possent.
460 379 535 436 Num
552 380 696 436 commoda
720 377 886 436 missionum
910 376 986 436 huus
1007 381 1163 452 peeunism
1181 383 1301 466 sucepit.

77 449 140 507 Sed
157 451 316 506 clarissime
333 450 390 506 Dio
407 453 454 518 bb,
472 454 515 509 23.
535 470 647 522 summu
665 453 753 508 etism
770 451 896 523 praemii
913 467 1063 522 expressus
1090 455 1179 512 Qum
1194 453 1303 509 milites

71 523 272 594 praemiorum
298 523 466 578 tenuitatem
496 525 530 592 ob
557 525 628 578 bella
655 529 720 578 tunc
744 529 844 578 exortu
870 537 959 592 aegre
986 525 1103 591 terrent,
1141 541 1191 580 uec
1213 526 1302 593 focile

75 595 230 670 qnisquam
255 600 335 647 estro
359 595 503 662 definitum
526 595 648 650 militiae
673 601 778 663 tempus
801 609 883 648 arma
905 609 1015 649 sumere
1032 595 1133 662 uellet,
1161 597 1304 652 decretum

74 674 128 732 est,
147 673 180 720 nt
196 665 397 720 staetomonii
411 669 529 738 quinque
545 666 639 720 millio
657 665 863 734 draebmuman,
879 671 1029 738 postquam
1052 666 1176 722 sedecim
1202 683 1302 734 menos,

74 739 198 808 reliquis
216 739 276 791 trio
293 737 388 792 millia
406 739 551 806 darentur,
575 745 724 808 postquam
749 737 856 806 uiginti
879 737 1058 795 militassent.
1094 737 1142 792 nx
1159 741 1217 812 quo
1236 738 1301 795 loeo

74 825 207 894 pronum
224 807 300 862 mihi
319 809 417 866 eluere
440 817 584 866 vetustam
601 807 736 864 Suetonii
763 808 906 865 maculem
933 807 993 863 Gal.
1012 825 1037 868 c.
1056 811 1104 884 ii.
1138 811 1302 867 Ceterorum

73 880 222 950 increpita
244 879 411 949 cupiditate,
439 881 581 935 commoda
605 881 740 935 emeritae
760 881 881 935 militiae
908 881 947 934 ad
963 889 1155 948 sexcentorum
1178 882 1303 936 millium

73 969 215 1007 mmmarn
232 951 342 1008 recidit.
378 952 457 1007 Haeo
474 954 604 1024 proemio
622 953 701 1008 euim
718 951 796 1006 haud
813 951 899 1007 dubie
917 951 1071 1029 intelligit.
1100 953 1140 1007 At
1157 953 1302 1026 quomodo

73 1031 192 1080 ooustut
209 1023 345 1078 immanis
369 1023 424 1078 illu
450 1032 653 1078 sexcentorum
677 1023 808 1078 millium
826 1039 946 1090 summa,
971 1024 996 1076 si
1015 1042 1051 1080 ex
1067 1022 1161 1079 Dione
1179 1024 1302 1080 verissi-

74 1113 160 1150 mum
185 1103 239 1162 est,
268 1097 416 1166 τρισχιλίας
441 1094 569 1164 δραχμὰς
592 1102 717 1164 tantum,
749 1095 856 1162 idest,
890 1093 1019 1148 Romano
1045 1111 1136 1165 more,
1170 1096 1302 1151 duodeuu

74 1166 177 1222 millis
205 1181 327 1220 numum
350 1165 490 1221 destinata
513 1165 551 1220 iis
574 1168 683 1221 tuisse?
723 1165 787 1221 cali
810 1165 859 1219 uls
878 1173 974 1220 sutem
1002 1166 1039 1220 de
1057 1183 1090 1221 ea
1109 1169 1172 1239 ipsa
1189 1183 1301 1221 summu

74 1237 194 1310 aliquid
210 1237 326 1292 recidit.
363 1235 466 1292 Scribe
485 1236 596 1313 igitur:
623 1239 662 1290 ad
679 1253 730 1291 sea
746 1183 866 1290 milium
883 1251 1028 1294 summam.
1064 1237 1107 1291 Ea
1126 1239 1203 1293 enim
1222 1238 1302 1293 reri·
1329 1245 1330 1250 ’

74 1317 137 1378 tss;
166 1316 195 1362 et
214 1306 347 1383 Caligula
374 1309 530 1363 dimidium
555 1309 738 1362 imminuisse
759 1305 904 1378 putandus
929 1317 973 1362 est
998 1310 1125 1380 prsemii
1151 1309 1299 1365 militaris.

73 1382 208 1436 Pretium
227 1395 330 1452 operae
348 1389 487 1448 estsine,
510 1377 584 1432 haec
601 1378 666 1435 locs
683 1380 764 1434 inter
782 1396 812 1433 se
830 1379 973 1445 conferri,
998 1389 1027 1435 et
1044 1396 1104 1433 uon
1123 1397 1178 1452 per
1196 1380 1301 1456 coligi·

74 1469 146 1508 uem
164 1450 243 1504 ultr-a
262 1451 333 1504 sciri
350 1451 495 1506 rationem
513 1449 639 1506 militiae
666 1450 718 1504 sub
736 1450 877 1536 Augusto.
913 1450 993 1504 llaec
1019 1453 1144 1522 pecunia
1166 1453 1224 1506 ulio
1248 1467 1301 1506 uo-

73 1519 160 1578 miue‘
184 1521 332 1576 erneritum
353 1521 450 1588 dictus
479 1522 549 1592 quia
572 1522 687 1575 scilieet
711 1522 843 1576 emeritis
867 1520 1032 1577 debebatur.
1068 1520 1246 1578 Modestinus
1264 1518 1302 1578 de

73 1612 109 1650 re
126 1593 190 1646 mil.
209 1590 231 1645 l.
249 1595 276 1648 ³.
314 1593 370 1648 Qui
385 1593 506 1646 militiae
524 1598 631 1663 tempus
647 1592 678 1646 in
696 1589 854 1646 desertione
871 1591 1008 1663 implevit,
1026 1592 1142 1647 emerito
1158 1595 1301 1662 privatur,

73 1674 124 1722 et:
149 1671 181 1718 ut
205 1669 352 1716 ueteranus
375 1665 550 1716 restituetur
582 1670 610 1717 et
639 1663 758 1717 eruerita
787 1662 914 1734 accipiet.
950 1663 1107 1717 Menander
1128 1663 1234 1719 Arrius
1262 1662 1300 1717 ib.

72 1736 95 1791 i.
114 1737 143 1792 ὅ.
179 1734 218 1788 lit
232 1733 363 1802 muenia
388 1739 414 1786 et
432 1733 578 1787 emeritum
601 1734 699 1802 capiet.
737 1731 856 1787 Sueton.
882 1734 914 1786 iu
931 1735 956 1786 A
998 1750 1049 1788 .c.
1067 1735 1113 1790 24.
1150 1733 1238 1788 Alias
1259 1733 1300 1787 le·

71 1807 176 1876 gioms
192 1805 355 1858 immodeste
371 1803 533 1859 missionem
546 1806 723 1873 postulantes
750 1803 826 1858 citra
854 1819 959 1858 coturno
979 1820 997 1857 a
1020 1805 1198 1860 meritorum
1212 1819 1300 1874 prae-

71 1877 197 1930 miorum
215 1875 421 1939 exauctoravit3
451 1876 502 1929 ubi
519 1875 595 1929 tualo
613 1875 796 1929 emeritorum
813 1880 841 1928 et
856 1875 1055 1944 praemiet-mu.
1075 1876 1104 1942 u)
1141 1875 1300 1930 Commode

71 1949 168 2002 iustm
186 1947 311 2002 militine
329 1945 406 2001 idem
425 1947 553 2029 scriptor
571 1947 646 1999 dixit
663 1945 765 2000 VitelL
785 1963 809 2000 o.
830 1948 873 2002 to.
909 1947 1051 2001 Delectum
1077 1963 1112 2002 ea
1137 1946 1300 2004 conditione

71 2019 105 2073 iu
124 2018 199 2074 Urbe
217 2019 289 2086 egit,
306 2025 337 2072 ut
349 2017 522 2072 voluntastis
539 2033 593 2072 non
609 2018 692 2072 niodo
709 2017 872 2070 missionem
885 2024 951 2086 post
967 2017 1127 2086 victoriam,
1145 2020 1197 2075 sed
1213 2017 1301 2072 etiam

71 2098 273 2144 veteranorum
290 2088 436 2159 iustaeque
452 2087 573 2142 utilitiae
590 2089 733 2143 commoda
748 2088 943 2159 polliceretur.
978 2087 1034 2143 Dio
1043 2090 1089 2158 bi,
1097 2092 1144 2149 m.
1170 2105 1301 2154 moerere

71 2162 200 2229 videtur,
231 2178 294 2216 eum
316 2161 471 2232 pecuniam
494 2160 665 2214 attributam
692 2176 747 2232 pro
771 2159 862 2238 egris,
893 2158 942 2214 his
965 2160 1078 2216 verbis:
1114 2161 1171 2214 Καὶ
1193 2159 1301 2222 διέταξε

71 2231 262 2310 (Augustus)
279 2232 312 2286 ecl
331 2251 360 2287 es
383 2233 427 2300 iun
452 2227 506 2284 ὅσα
525 2230 554 2286 oi
578 2235 690 2286 πολῖται
714 2231 932 2305 στρατεύσαιντο,
958 2233 1007 2285 nni
1028 2233 1064 2286 τὰ
1086 2239 1225 2306 χρήματα,
1244 2232 1300 2288 ὅσα

71 2305 251 2370 παυσάμενοι
273 2310 321 2372 τῆς
344 2309 495 2374 στρατείας,
526 2301 588 2357 siml
613 2310 659 2371 τῆς
681 2308 787 2376 χώρας,
811 2303 847 2373 ἥν
868 2299 914 2358 iel
935 2321 1001 2359 noes
1021 2305 1115 2372 ᾔτουν,
1147 2303 1298 2374 λήψοιντοε

71 2447 285 2504 ...
313 2373 1203 2446 u

70 2537 110 2574 su
134 2519 287 2586 assentior,
305 2463 390 2590 ρέωι
415 2483 478 2572 uon,
504 2463 595 2572 lomet
621 2513 673 2570 hio
703 2515 735 2568 iu
762 2480 877 2570 'l'soito’
899 2522 929 2570 et
955 2517 1097 2588 pecuniae
1128 2461 1300 2573 mentiogsl

71 2607 223 2668 lg'l'ol'lim·

106 2697 139 2764 n)
156 2695 251 2751 Vei-bs
269 2692 446 2752 emeritorum
466 2693 661 2766 praeusiorum
684 2699 718 2746 ut
727 2692 863 2820 fimum
880 2689 1085 2748 commodorum
1103 2693 1210 2748 reiecit
1225 2693 1299 2751 Em.

125 2845 129 2856 Ι
162 2775 194 2824 et
208 2769 398 2838 promimur·
415 2769 500 2822 uncis
518 2765 642 2822 inclusit
665 2763 726 2824 Wo
755 2803 763 2820 .
1020 2794 1023 2802 ·

493 2909 592 2968 Vm.
628 2908 675 2964 od
701 2908 784 2982 cap.
813 2905 885 2964 XX.

143 3017 288 3087 Proetum
311 3022 471 3074 castrorum
497 3034 603 3072 munus
630 3016 729 3073 nescio
749 3034 786 3071 sn
810 3014 872 3071 enti
913 3027 964 3068 usu
981 3013 1094 3086 tueritp
1122 3015 1298 3072 noufionem

70 3091 193 3164 quidem
220 3093 281 3146 eius
306 3098 373 3146 unte
395 3089 547 3159 Principes
573 3088 704 3143 noudum
728 3088 839 3142 iuveni.
905 3085 1025 3140 esci-ibit
1040 3085 1178 3162 Vegetius
1204 3088 1297 3154 2,10.

69 3165 148 3218 Erat
165 3162 240 3216 enim
256 3168 418 3216 castrorum
439 3161 601 3230 praefectus
625 3160 691 3216 licet
713 3157 838 3226 inferior
861 3156 1012 3226 dignitate,
1039 3157 1134 3211 ‘tamen
1153 3164 1300 3226 occupatu

68 3251 125 3288 non
143 3234 332 3288 mediocribus
355 3233 462 3288 musis.
511 3231 560 3285 Ad
577 3248 657 3302 quem
674 3237 834 3286 castrorum
847 3228 966 3298 positio,
991 3227 1061 3281 odili
1083 3234 1110 3281 et
1133 3230 1233 3296 fossae
1250 3229 1299 3283 de·

71 3307 195 3362 stinstio
214 3305 323 3372 (nescio
341 3323 379 3358 sn
397 3301 578 3372 designatio)
597 3301 627 3367 α)
642 3303 810 3372 pertinebat.
849 3299 1040 3354 Taberuaeula
1056 3299 1102 3362 vel
1118 3314 1201 3354 casae
1222 3299 1300 3354 miti·

72 3384 134 3432 tum
152 3394 214 3430 cum
231 3375 439 3446 impedimentis
457 3375 585 3430 omnibus
608 3381 677 3429 nutu
705 3372 799 3441 ipsius
825 3371 1013 3426 curabanturs
1042 3377 1194 3439 praeterea
1217 3368 1300 3439 aegri

69 3450 285 3504 contubernales
303 3455 330 3501 et
346 3447 460 3512 medici,
476 3463 495 3501 a
513 3445 614 3516 quibus
631 3445 812 3508 curabantur,
830 3441 965 3509 usticula,
990 3441 1140 3508 saginasti,
1168 3457 1218 3497 nec
1245 3459 1300 3498 non

70 3523 255 3588 fes-rometste,
275 3519 375 3590 quibus
391 3519 513 3572 materia
531 3527 646 3571 secutur
662 3517 707 3570 nel
723 3515 862 3581 caeditur,
887 3513 955 3567 item
979 3513 1060 3580 ligna
1085 3515 1130 3567 vel
1146 3513 1298 3582 stramina,
1375 3575 1377 3588 Ι

70 3593 191 3658 arietes,
218 3590 330 3659 ouugm,
357 3591 504 3654 ballistam
533 3595 680 3658 ceteraque
709 3602 813 3657 genero
838 3590 1035 3640 tormentorum
1056 3586 1225 3653 procurabat
1244 3585 1299 3639 ali·

71 3665 187 3736 quando
204 3679 238 3717 ne
255 3662 389 3716 deessem.
426 3659 458 3713 ls
479 3667 545 3729 post
570 3661 684 3726 tongam
708 3659 907 3728 probatamque
922 3655 1061 3709 nsititiam
1079 3656 1235 3724 legebatur,
1265 3663 1299 3710 ut

70 3741 149 3790 certe
174 3733 290 3805 (potius
318 3729 411 3796 reete)
437 3731 549 3785 doceret
574 3731 658 3796 alios,
685 3731 759 3800 quod
786 3728 847 3798 ipse
871 3743 933 3780 cum
951 3727 1035 3781 laude
1061 3727 1185 3794 iecisset.
1223 3727 1300 3794 Ques

70 3807 162 3863 verbu
187 3802 223 3860 ud
247 3805 344 3859 lucem
375 3801 464 3856 huius
492 3801 551 3856 loci
574 3803 724 3873 pertinent
757 3807 786 3855 et
818 3797 953 3884 plurium
968 3799 1056 3864 intra,
1088 3799 1120 3851 in
1139 3798 1244 3868 quibus
1263 3797 1304 3854 de'

70 3886 234 3934 castrorum
257 3877 415 3946 praelecto·
460 3871 572 3943 Cuique
602 3881 699 3928 sutem
722 3871 834 3948 legions
859 3887 925 3924 suus
953 3876 1116 3923 castrorum
1135 3871 1306 3940 praefectus

69 3951 140 4017 tuit,
160 3950 185 4003 si
202 3957 299 4004 umen
316 3945 450 4001 tenderet
472 3960 612 4000 seorsum.
643 3942 721 3997 Colli
744 3958 760 3997 o
785 3959 822 3996 ex
838 3938 940 3996 'l'ucito
958 3938 1145 4003 Anulum.
1176 3937 1301 3994 Poenius
1364 3995 1372 4006 ‚

69 4019 237 4076 Pastbumus
259 4017 420 4089 praefectus
444 4022 598 4071 castrorum
621 4031 705 4070 secun
726 4029 760 4068 oe
778 4011 918 4081 optentu
937 4018 965 4066 et
982 4010 1095 4066 Velleio
1113 4012 1140 4076 2,
1162 4013 1221 4068 119.
1258 4008 1299 4064 At

70 4111 87 4147 e
112 4091 269 4162 praefectis
293 4097 451 4146 nostrorum
474 4087 590 4153 duabu,
619 4103 702 4156 quum
724 4087 830 4140 ciarum
855 4083 1008 4153 exemplum
1029 4079 1062 4137 1..
1087 4081 1211 4152 Eggius,
1243 4088 1301 4136 tam

71 4171 155 4233 turpe
173 4163 309 4218 (ieiunius
323 4160 461 4232 prodidit
498 4157 595 4229 Supra
617 4158 750 4212 tribunos
768 4156 900 4211 militum
918 4155 1063 4210 collocare
1082 4168 1130 4208 eos
1148 4153 1228 4208 visus
1246 4168 1299 4206 no·

70 4242 135 4290 ster
159 4233 196 4291 ll.
215 4238 243 4302 2,
262 4237 306 4292 89.
337 4233 371 4286 io
397 4247 504 4304 pompa
526 4228 692 4284 Vitellians.
733 4231 808 4282 Ante
834 4225 954 4298 aquilam
979 4225 1117 4294 praefecti
1138 4231 1299 4278 castrorum

70 4306 232 4378 tribunique
257 4311 285 4362 st
304 4303 393 4376 primi
413 4301 601 4362 eeuustsum
623 4299 745 4358 mutila
768 4304 849 4356 uste.
886 4298 916 4356 P.
936 4296 1029 4353 Puber
1054 4295 1086 4350 iu
1104 4291 1297 4352 semestribus
