2840 4802
168 249 231 315 244
554 244 796 314 ANNALIIJM
817 247 902 312 LIB.
924 247 1017 314 XIII.

168 419 211 484 ll.
232 434 253 469 s.
272 417 317 472 5⁰·
338 423 367 470 et
385 413 450 472 Sea.
470 415 507 471 de
526 416 607 472 brev.
627 417 704 473 ritae
722 433 748 471 c.
767 419 812 474 18.
832 417 857 472 si
872 415 925 478 itio
944 415 1021 471 ilem
1040 423 1093 483 est,
1117 417 1257 488 siquem
1276 413 1412 472 Seneca

167 485 245 542 hunc
263 487 382 558 scripsit
400 488 510 544 librum
528 495 558 542 et
575 489 657 543 cuius
675 505 806 544 sororem
823 488 990 561 Pompeiam
1009 487 1158 542 Paulinam
1183 489 1215 542 in
1233 487 1412 542 matr-imo-

167 559 217 615 nio
235 557 346 622 hebuit,
366 559 443 630 quod
459 561 579 633 putabat
596 561 687 632 Rycls.
708 568 735 613 et
752 559 785 614 t.
808 559 896 616 Vetus
913 558 994 614 MSS.
1014 557 1094 614 Flor.
1114 559 1200 625 (teste
1209 559 1265 614 lec.
1277 557 1409 622 Gran.)

165 631 236 708 Agr.
256 629 319 687 edd.
339 629 395 688 Iac.
416 631 505 687 Grou.
526 649 587 702 sqq.
608 640 634 685 et
653 631 757 685 laetus
776 631 819 688 ed.
840 629 919 702 Spir.
943 632 1046 687 Vectus
1063 629 1122 685 MS.
1141 629 1237 685 Guelf.
1255 631 1325 685 sine
1351 645 1410 682 ca-

165 702 246 774 pula,
267 719 340 773 quae
358 705 446 758 etiam
465 703 596 758 alcestin
613 701 695 760 MSS.
719 703 800 757 IIsrl.
825 703 905 758 nott.
932 702 987 760 les.
1008 703 1070 758 edd.
1095 703 1159 759 Put.
1178 707 1203 758 l.
1222 705 1248 758 l.
1274 711 1307 757 et
1340 709 1408 754 cet.

165 783 231 828 ante
251 772 342 830 Gran.
365 806 396 816 -
414 775 457 830 Ne
475 783 569 830 tamen
587 791 699 844 segnem
716 776 837 828 militem
855 775 1021 841 attinerent,
1040 792 1069 827 r.
1089 773 1126 829 sd
1145 779 1169 838 l,
1188 773 1231 830 35.
1252 773 1408 828 Eandem

166 846 202 901 ob
221 862 335 900 causam
354 844 482 901 Corbulo
500 846 630 900 militum
650 863 737 918 opere
761 849 869 901 lassam
895 848 974 900 inter
991 849 1099 900 Mosam
1117 844 1313 917 Rhenumque
1344 842 1408 897 ‹lu-

42 953 47 964 .
165 917 221 984 xit,
241 918 397 988 aequor.
418 921 525 986 11,t⁰.
557 949 589 959 —
616 917 666 970 ille
690 916 852 972 incinctum
869 925 935 973 ante
953 927 1013 972 tres
1038 923 1064 972 et
1084 917 1234 984 sexaginta
1259 933 1365 970 annos
1386 932 1408 967 a

164 987 260 1044 Druso
278 1005 415 1057 aggerem
432 990 583 1044 coercenda
601 987 696 1043 Itlteno
715 990 850 1060 absoluit:
879 1007 966 1060 quem
990 988 1091 1044 molem
1115 1005 1134 1041 a
1152 987 1247 1042 Druso
1267 989 1407 1044 Gema·

165 1061 230 1114 nico
248 1061 364 1128 factam,
384 1077 418 1116 ne
436 1059 548 1116 Ilienses
563 1076 653 1130 prona
673 1060 750 1116 alveo
770 1063 801 1114 in
820 1061 947 1116 Galliam
963 1065 1067 1128 rueret,
1096 1059 1211 1113 disiecit
1230 1059 1344 1114 Civilis
1375 1078 1404 1114 n.

165 1131 205 1218 U:
222 1135 283 1217 844.
303 1150 331 1220 r·
349 1133 386 1218 Η.
405 1135 433 1200 5,
453 1137 495 1190 19.
524 1131 633 1209 'Agger
650 1130 704 1186 ille
722 1134 876 1192 nontosss
891 1133 1046 1218 Drusiana,
1071 1132 1161 1186 Isalse
1179 1149 1259 1185 nunc
1278 1149 1314 1185 co
1369 1147 1406 1216 a·

164 1202 778 1346 {Mattiattiffttttttm
786 1201 1335 1330 Maamilstrinii‘..
1366 1219 1406 1328 :¹2

162 1345 278 1402 insutas
296 1347 470 1403 Batavorum
488 1355 583 1418 parte,
602 1365 688 1416 quem
727 1347 842 1401 roxime
859 1348 973 1400 intr-ent
1000 1346 1150 1400 venientes
1174 1362 1192 1399 s
1209 1343 1404 1402 Batavorum

163 1417 288 1489 oppidu
306 1417 386 1488 lips.
405 1418 440 1472 sd
458 1416 488 1473 h.
502 1417 522 1469 1.
544 1426 574 1472 et
592 1418 662 1470 Ern.
682 1363 726 1470 sel)
735 1418 771 1472 H.
792 1421 818 1481 5,
839 1421 882 1475 19.
919 1416 1101 1483 „Cluverius
1129 1417 1288 1477 contendit,
1321 1434 1402 1470 eum

162 1491 255 1544 luisse
282 1489 313 1542 in
336 1489 419 1545 laeva
436 1488 530 1542 Rheni
557 1490 627 1561 ripa·
646 1505 701 1560 pra
723 1487 963 1557 eDurostslium
991 1497 1020 1542 et
1042 1487 1098 1542 hac
1120 1486 1216 1541 Rheni
1243 1487 1407 1560 effusione,

162 1568 263 1615 natum
281 1568 398 1616 tenuem
418 1561 539 1614 alveum·
552 1560 680 1632 Leccam.
736 1561 747 1612 i
766 1560 941 1614 contradicit
959 1561 1102 1614 Pantanus
1120 1556 1156 1612 de
1173 1557 1268 1612 Rheni
1286 1559 1403 1613 ‹livor-

1 1599 2 1668 Ῐ
42 1635 44 1640 ’
162 1632 214 1686 tiis
232 1630 352 1703 discept.
373 1631 451 1684 1111.
470 1633 502 1684 iu
521 1648 577 1701 qus
594 1631 667 1686 bene
685 1631 778 1698 docet,
798 1631 885 1685 Illum
904 1649 990 1702 supra
1001 1629 1095 1685 Rheni
1113 1629 1275 1711 divortium
1293 1647 1402 1702 prope

162 1702 378 1758 munimentum
397 1699 633 1758 Schsuckisnum
651 1703 743 1756 luisse
761 1719 816 1757 uec
835 1719 943 1756 novum
967 1703 1022 1756 hsc
1041 1700 1146 1755 Girilis
1168 1701 1321 1756 abactiaue
1353 1701 1402 1756 st-

163 1790 250 1832 ream
274 1775 396 1840 lactum,
428 1773 478 1828 sed
501 1775 533 1826 iu
554 1772 747 1827 humiliorem
770 1772 887 1827 Vahalis
915 1772 1049 1828 effusum.
1088 1770 1170 1826 Petet
1188 1781 1286 1828 sutem
1303 1772 1400 1835 hinc,

163 1845 222 1900 ism
241 1843 348 1900 dudum
368 1862 510 1917 aquarum
526 1845 627 1917 inopis
645 1843 791 1899 laborasse
809 1845 945 1898 dextrum
958 1843 1052 1898 Rheni
1071 1843 1187 1898 alveum
1207 1853 1236 1898 et
1252 1846 1305 1916 qui
1320 1846 1399 1900 inde

51 1943 56 1952 ·
162 1913 313 1971 clericatur
336 1916 454 1982 lsslsm,
483 1915 533 1970 sel
554 1924 638 1970 retus
665 1933 725 1970 esse
750 1916 870 1980 melum,
895 1916 973 1987 quod
995 1915 1078 1969 nullo
1102 1916 1230 1970 certiore
1254 1915 1399 1970 remedio

162 2003 254 2060 wem
268 1985 322 2042 illo
341 1995 441 2043 vetere
458 1986 548 2040 Drusi
566 1989 664 2041 curari
683 1987 807 2059 possit.“
826 1987 910 2057 Ilycls.
937 1987 973 2042 ad
991 1987 1026 2040 Η.
1046 1989 1074 2054 ὅ,
1093 1990 1136 2043 19.
1174 1985 1321 2053 „Tacitus
1349 1987 1399 2041 di-

163 2059 203 2113 cit
220 2057 256 2112 II.
276 2065 303 2125 5,
324 2062 369 2117 19.Ι
387 2057 485 2112 abacto
504 2073 585 2112 amne
602 2057 704 2112 liheuo
728 2065 758 2111 et
806 2075 838 2112 er
857 2059 1050 2124 emissarium,
1077 2056 1155 2129 quod
1178 2077 1257 2112 nuuc
1276 2057 1398 2111 elicitur

162 2125 242 2195 lect,
261 2127 369 2184 Galliis
388 2132 542 2200 superfuso
561 2130 664 2182 alveum
684 2129 746 2182 eius
766 2075 835 2184 aleo
854 2137 963 2184 tenuem
979 2132 1071 2184 fuisse
1096 2129 1174 2182 inter
1192 2131 1315 2183 insulam
1335 2127 1397 2181 Ba·

161 2206 297 2255 terarum
325 2208 353 2255 et
377 2199 531 2254 Germanas
554 2219 577 2254 s.
604 2199 801 2264 Germaniam,
830 2209 864 2254 ut
889 2201 1063 2256 continentes
1087 2206 1183 2254 terrae
1204 2201 1395 2256 siderentur.

161 2271 219 2326 Ille
245 2273 340 2327 alveus
366 2267 461 2327 tenuis
485 2271 581 2327 Plinio
605 2268 632 2338 4,
661 2275 703 2327 15.
740 2271 868 2325 modicus
896 2272 1008 2326 ‹ltcimr
1034 2271 1181 2341 hodieque
1205 2272 1232 2326 le
1257 2269 1336 2326 lilia
1362 2278 1395 2324 et

161 2359 216 2468 gro
239 2361 254 2399 e
272 2342 448 2420 Lugdunum
466 2345 497 2397 in
515 2361 596 2399 mare
608 2343 739 2399 influit.“
756 2343 840 2398 Brut.
861 2343 905 2398 Cf.
918 2343 1032 2420 silting.⁴
1052 2345 1084 2396 in
1097 2343 1191 2398 Notit.
1211 2342 1312 2400 Germ.
1333 2343 1393 2396 iul.

185 2451 192 2468 .
212 2361 236 2470 Γ
255 2433 281 2487 p.
299 2418 325 2471 ὅ.
346 2415 376 2468 Ρ.
395 2412 433 2472 ll.
454 2431 484 2486 p·
499 2419 544 2472 44.
564 2423 594 2470 st
611 2417 643 2468 in
661 2415 754 2469 Notis.
774 2413 835 2472 But.
856 2423 886 2469 et
904 2413 980 2471 Fris.
1000 2422 1059 2470 ant.
1078 2413 1112 2468 T.
1127 2413 1149 2468 1.
1169 2433 1198 2486 p.
1211 2417 1254 2471 tt.
1275 2413 1392 2468 Celtas.

162 2485 199 2540 G.
219 2487 253 2540 Α.
272 2485 306 2540 Τ.
326 2485 350 2539 1.
371 2485 392 2542 l.
413 2485 452 2539 11.
473 2503 497 2540 c.
517 2489 543 2542 3.
569 2487 592 2552 i.
610 2489 721 2545 6-20.
748 2484 842 2540 Oberl.
870 2487 902 2540 in
925 2484 1065 2562 lungeml.
1095 2504 1168 2543 mer.
1197 2487 1267 2540 flur.
1288 2485 1392 2538 omnis

163 2560 229 2613 sevi
257 2556 460 2612 moliminibus
484 2555 608 2634 Argent.
635 2555 725 2613 lata·
744 2562 805 2610 tres
831 2562 859 2626 el
882 2557 1076 2627 quadraginta
1101 2573 1191 2611 annas
1219 2557 1279 2612 MS.
1299 2553 1392 2611 Coris.

202 2631 231 2684 is
253 2629 370 2683 numeri
393 2626 485 2682 LXIII
509 2636 539 2682 et
565 2627 659 2681 XLIII
685 2630 855 2700 permutati.
885 2643 935 2682 sea
958 2635 985 2682 et
1009 2629 1163 2698 sexaginta
1188 2643 1278 2682 annas
1305 2643 1391 2682 corr.

160 2647 255 2772 golt.
274 2703 342 2773 quis
359 2696 470 2754 Drusus
489 2718 514 2753 a.
533 2698 570 2753 U·
590 2703 651 2756 745.
671 2707 804 2752 mortuus
822 2701 868 2753 sit.
906 2699 963 2756 Sed
980 2697 1100 2754 Tacitus
1118 2702 1229 2772 repetit
1245 2699 1329 2763 haec,
1356 2705 1392 2750 ut

162 2773 247 2836 solet,
271 2771 452 2845 aptioribus
477 2771 577 2836 sunis3
609 2769 716 2824 Waltl.
754 2771 821 2824 Post
844 2769 937 2826 ltlssno
965 2773 998 2824 ia
1023 2770 1079 2824 MS.
1107 2772 1205 2827 Guelf.
1239 2772 1392 2825 adiectum

161 2861 261 2972 :titt
280 2841 363 2986 Mi
375 2841 509 2966 titi
511 2841 606 2978 ita*
606 2841 1016 2982 ⁰ti0331'2i‘ti.23³¹’}i{.3
1019 2843 1124 2967 'til
1138 2843 1392 2984 mittit.

162 2996 322 3045 connectere
338 2985 462 3054 parauit,
490 2990 526 3038 ut¹
547 2985 644 3053 copiae
681 3017 714 3028 -
738 2985 852 3050 fierent:
884 3003 1022 3070 magnum
1042 2993 1071 3039 et
1088 2984 1163 3039 utile
1181 3001 1262 3056 opus,
1289 3003 1391 3055 neque

161 3060 292 3128 dubium,
331 3057 382 3110 uin
400 3065 498 3110 nostra
522 3063 598 3108 aetas
622 3055 700 3109 illud
726 3064 895 3110 exsecutura
921 3065 973 3120 sits
1011 3055 1103 3113 Olerl.
1131 3057 1284 3110 Mosellam
1302 3063 1392 3126 atque

161 3132 283 3186 Ararim
300 3076 363 3185 eit.
383 3127 445 3184 Pus.
460 3129 519 3182 12.
533 3125 690 3183 Rhenus
704 3144 764 3198 sqq.
784 3127 987 3198 Masselaanue
999 3144 1025 3184 a.
1039 3129 1075 3180 Α.
1096 3128 1158 3182 eda.
1173 3127 1237 3182 Ber.
1252 3127 1346 3182 Rhea.
1363 3133 1388 3184 I.

160 3203 353 3272 Messiamque
371 3196 430 3252 MS.
448 3197 530 3252 Flor.
567 3197 690 3252 Mosella
707 3199 789 3264 Ill,
809 3202 851 3254 II·
872 3203 914 3256 rt.
943 3207 973 3252 et
990 3202 1022 3254 in
1040 3198 1162 3254 Ausonii
1190 3199 1233 3255 Id.
1252 3198 1388 3263 Mosella,

98 3299 100 3307 ¹
162 3275 212 3332 sed
235 3272 365 3330 Messalla
394 3273 426 3324 in
454 3269 509 3324 tsb.
536 3267 677 3326 nendos.
710 3278 740 3324 et
763 3271 889 3324 Mucella
912 3288 959 3342 sp.
986 3271 1106 3326 veneat.
1137 3271 1217 3328 Fas-t.
1260 3269 1389 3324 Ararim

160 3347 301 3403 omissum
321 3344 352 3397 iu
371 3340 454 3396 MSS.
481 3339 559 3394 Flor.
585 3341 758 3406 (restillet.
783 3349 813 3394 et
830 3340 932 3405 Furia)
955 3341 1054 3395 Guelf.
1080 3342 1125 3398 ed.
1150 3340 1228 3412 Spir.
1267 3373 1302 3384 -
1331 3356 1389 3408 per

160 3434 238 3474 mare
256 3413 510 3470 mediterraneum.
532 3439 563 3448 -
583 3412 648 3464 eain
668 3409 816 3477 Oceanum,
836 3430 917 3467 mare
935 3412 1072 3468 German.
1098 3411 1174 3466 Olim
1194 3425 1311 3467 oceanus
1333 3411 1388 3464 At-

160 3489 303 3544 lanticum
328 3501 418 3541 mere.
455 3484 549 3538 Parva
574 3484 711 3553 quaedam
735 3483 827 3536 insula
852 3492 893 3539 est
912 3485 1092 3550 ⁴circumfusa
1115 3485 1167 3537 illa
1189 3483 1275 3548 mari,
1309 3482 1387 3552 quael

55 3549 59 3564 ¹
160 3557 406 3622 Atlanticum,
427 3555 501 3624 quoa
517 3569 692 3622 magnum,
717 3565 797 3624 quem
821 3554 1000 3610 Oceanum
1024 3555 1178 3624 appellatis
1204 3555 1265 3609 Cic·
1287 3570 1384 3608 somn.

161 3629 208 3688 Sci
231 3667 238 3682 ·
258 3632 285 3685 6.
316 3627 383 3682 dein
401 3641 533 3678 oceanum
551 3624 594 3680 etl.
615 3623 691 3696 Spir.
714 3657 744 3668 -
764 3627 883 3680 itineris
901 3625 981 3684 MSS.
1001 3621 1081 3683 Flor.
1109 3627 1164 3684 Ies.
1191 3625 1289 3680 Gueli.
1309 3623 1385 3682 llud.

161 3649 230 3762 edd?
246 3700 326 3773 Spir.
345 3695 437 3752 Bekk.
458 3696 572 3752 Walth.
592 3697 727 3751 itinerum
746 3697 807 3751 edd.
829 3707 883 3754 cet.
1065 3731 1075 3742 ,

230 3777 255 3831 2.
276 3769 385 3826 Invidit
404 3768 493 3836 operi,
513 3786 539 3837 r,
560 3768 596 3822 sd
614 3772 642 3834 1,
660 3771 702 3824 l‘l.
724 3795 757 3808 -·
776 3770 880 3824 Aelius
898 3768 1025 3823 Gracilis
1043 3768 1106 3826 eta
1126 3770 1205 3840 Lips.
1226 3786 1259 3839 sq
1282 3811 1289 3826 .
1326 3768 1385 3822 Ile·

160 3844 218 3898 lius
236 3843 363 3899 Gracilis
382 3838 567 3895 MSS.*IIer.
586 3839 669 3895 Bodl.
689 3838 742 3893 les.
763 3839 861 3896 Guell.
883 3838 946 3895 edd.
966 3840 1028 3894 Put.
1051 3847 1073 3892 1.
1092 3843 1117 3896 2
1138 3841 1207 3896 Ber.
1226 3787 1280 3906 (sl
1296 3857 1386 3909 quem

159 3916 245 3970 siluit
267 3915 357 3975 Vict.)
383 3910 476 3964 Rhea.
498 3915 520 3966 l.
539 3914 566 3966 l.
586 3916 611 3968 ³.
635 3908 701 3964 ΑΗ.
725 3909 802 3982 lips.
823 3916 847 3968 1.
876 3913 986 3980 1Αιὶεἰω
1011 3905 1153 3965 Graculus
1177 3909 1236 3968 MS.
1261 3911 1287 3964 A
1310 3929 1335 3964 r.
1355 3917 1387 3964 et

158 3987 230 4042 libri
248 4005 264 4041 a
281 3987 317 4038 Li
339 3984 382 4039 sio
401 3989 431 4038 ct
447 3983 543 4038 Vertr.
558 3981 679 4058 collati,
697 3983 797 4036 nescio
855 3985 874 4036 i.
899 3984 961 4037 eius
978 3981 1109 4036 Gracilis
1128 3982 1173 4036 ed.
1193 3983 1271 4054 Spir.
1289 3930 1385 4036 {irac-

160 4075 210 4112 cue
227 4056 288 4114 MS.
333 4054 394 4109 orb.
433 4053 504 4118 „Aa
521 4052 550 4105 h.
566 4051 586 4109 l.
607 4055 683 4106 conf.
703 4053 802 4116 Mures
851 4055 950 4110 rimst.
975 4054 1069 4131 Lugd.
1095 4071 1123 4126 p.
1144 4055 1230 4112 loo.“
1257 4053 1327 4108 Ern.
1350 4083 1384 4096 -·

162 4122 293 4192 Veterem
310 4125 390 4197 MSS.
410 4123 492 4181 Flor.
512 4123 583 4200 Agr.
605 4123 668 4179 edd.
688 4125 766 4196 Lips.
787 4143 849 4196 sqq.
891 4127 993 4181 Vetere
1012 4125 1092 4182 MSS.
1112 4125 1195 4180 Harl.
1221 4125 1304 4180 Ball.
1325 4123 1383 4179 Ios.

159 4201 257 4260 Guell.
277 4200 339 4256 edd.
360 4203 414 4252 cet.
433 4213 524 4267 usque
542 4195 577 4248 ed
595 4195 673 4266 Lips.
692 4198 718 4252 2.
747 4204 855 4252 ueteres
879 4197 939 4252 MS.
957 4197 1032 4251 Bul.
1051 4215 1067 4250 s
1087 4206 1125 4254 m'.
1145 4215 1191 4268 pr.
1220 4229 1253 4240 —
1282 4213 1318 4250 ne
1343 4195 1384 4248 le·

157 4275 275 4343 gisnes:
294 4272 327 4325 iu
345 4268 389 4324 ed.
408 4267 484 4340 Spir.
505 4274 533 4320 et
552 4283 587 4320 ne
605 4266 738 4334 legiones.
769 4300 801 4312 -
822 4269 853 4321 in
872 4269 1024 4338 studiaque
1042 4267 1206 4322 Galliarum
1224 4269 1382 4335 affectaret,

158 4347 197 4398 ci.
215 4344 252 4402 Η.
272 4348 299 4408 1,
316 4343 360 4400 13.
380 4345 408 4408 4,
428 4340 469 4395 17.
489 4341 534 4396 66.
559 4337 711 4407 studiaque
731 4337 791 4394 edd.
811 4339 891 4410 Lips.
918 4357 979 4411 sqq·
1008 4359 1045 4396 es
1069 4340 1181 4396 emend.
1206 4338 1301 4396 anun.
1332 4339 1384 4394 secl
