2854 4788
208 173 217 188 ’
291 197 437 304 cirur
457 235 551 303 rou.
579 235 631 318 (s.
654 235 792 317 usu.
812 233 852 302 a
875 233 911 302 o.
933 235 1002 320 ss.)
1148 219 1152 237 “
1195 235 1257 304 αι

46 409 110 486 bas,
132 407 209 491 quia
229 403 317 469 idem
339 403 491 470 Thrasea
510 403 652 488 Patavii,
674 402 763 468 unde
783 411 879 494 ortas
905 411 990 482 erat,
1016 399 1105 468 ludis
1126 403 1258 468 cesticis
1291 461 1294 468 .

46 490 241 554 aTroiano
269 490 444 554 Antenore
467 490 632 554 institutis
658 488 776 552 habitu
805 488 936 588 tragico
963 487 1141 550 cecinerat.
1194 487 1259 550 Die

47 593 185 657 quoque,
207 593 273 658 quo
294 581 433 658 praetor
453 571 619 636 Antistius
650 573 693 635 ob
720 570 847 654 probra
867 591 903 632 un
924 569 1094 634 Neronem
1123 587 1258 652 compo·

46 659 106 718 sita
133 656 174 720 ad
201 664 345 719 mortem
376 655 607 734 damnabatur,
635 655 772 718 mitiora
804 656 933 718 censuit
960 655 1188 736 obtinuitqu03
1224 659 1260 716 et

47 760 144 822 quam
166 739 265 804 deam
286 739 432 803 honores
452 740 625 823 Poppaeae
646 737 886 817 decernuntur,
914 745 1032 820 sponte
1059 736 1176 802 absens
1206 737 1259 798 iu-

46 825 117 904 neri
140 843 206 887 non
227 825 392 886 interfuit.
436 822 528 888 Quae
548 823 724 886 obliterari
755 841 823 884 nou
849 821 979 884 sinebat
999 819 1117 904 Cupito
1138 817 1260 881 Cossu-
1297 890 1298 894 η

47 907 154 968 uanus
185 915 321 988 praeter
346 907 494 968 animum
524 903 567 968 ad
595 907 723 993 flagitia
750 907 966 988 praecipitem
994 905 1127 987 iniquus
1148 901 1260 966 Thra·
1285 919 1295 965 ·.

47 1009 129 1068 scae,
172 987 239 1052 uod
260 990 460 1053 auctoritate
481 990 554 1051 eius
576 987 776 1053 concidisset
796 991 945 1052 iuvantis
957 985 1098 1050 Cilicum
1118 986 1259 1074 legatos,

47 1071 122 1135 dum
193 1073 340 1155 pitonem
360 1070 624 1155 repetundarum
646 1075 868 1158 interrogant.

115 1175 141 1230 1.
162 1171 329 1228 Trucidatis
346 1174 454 1228 fortius
472 1189 560 1243 qusm
577 1171 747 1240 interfectis.
784 1171 935 1240 „Verbum
958 1167 1016 1225 hoc
1038 1169 1159 1242 proprie
1185 1165 1260 1224 dici·

47 1249 94 1296 tur
110 1243 146 1298 ds
163 1247 241 1298 nuri
258 1243 355 1310 caede,
373 1243 577 1310 (lauricidare)
595 1243 705 1312 deindo
720 1244 755 1298 de
773 1245 805 1298 vi
823 1244 988 1308 manifesta,
1007 1259 1065 1312 qus
1081 1241 1259 1295 infirmiores

48 1316 228 1388 inermesque
251 1335 268 1370 a
284 1316 457 1370 fortioribus
477 1323 506 1369 et
522 1317 643 1368 armatis
662 1316 756 1368 instar
772 1316 887 1386 pecoris
905 1311 1100 1368 mactantur.“
1125 1312 1259 1368 Doederi.

47 1385 95 1438 lat.
114 1403 218 1458 synon.
238 1387 264 1441 l.
283 1404 311 1458 p.
330 1390 373 1443 ⁴1.
393 1384 449 1440 111.
467 1379 497 1456 p.
517 1389 577 1442 189.
597 1418 630 1430 -
650 1387 690 1440 ad
703 1391 872 1455 postremum
888 1383 964 1438 Nero
983 1391 1038 1440 cet.
1075 1381 1175 1438 Paucis
1199 1390 1260 1436 tra-

48 1455 120 1510 didit
137 1455 247 1528 Xiphil.
266 1460 373 1576 61ᾗ16.
393 1473 465 1526 quse
482 1453 628 1526 prolixius
647 1455 766 1510 Tacitus
785 1472 846 1526 esp.
864 1457 998 1512 21-35.
1018 1454 1054 1509 dc
1077 1453 1261 1510 accusatione

48 1531 75 1576 et
91 1525 276 1578 damnatione
319 1542 401 1578 areae
420 1533 450 1578 et
468 1525 582 1590 Sorani,
601 1543 727 1598 quorum
744 1527 853 1592 brevis,
872 1523 922 1580 sed
939 1542 1052 1580 summu
1076 1524 1140 1578 laus
1165 1525 1261 1579 conti·

48 1604 132 1648 netur
148 1595 246 1650 verbis
263 1593 340 1649 Nero
358 1595 493 1649 uirtutem
511 1594 598 1664 ipsam
616 1596 779 1652 exscindere
796 1597 953 1666 concupiuit
970 1597 1118 1662 interfecto
1129 1593 1261 1649 Thrasea

48 1665 131 1720 Paeto
149 1673 176 1720 el
192 1667 291 1722 Barea
307 1666 425 1723 Sorano.
460 1663 487 1718 ’0
505 1665 536 1718 δὲ
555 1663 588 1735 δι)
612 1668 737 1740 Θρασέας
760 1664 1000 1740 restituereris,
1027 1671 1075 1720 καλ
1096 1667 1195 1737 γένους
1212 1667 1261 1721 stul

47 1732 174 1805 πλούτου,
191 1745 240 1806 τῆς
257 1755 286 1791 τε
305 1737 451 1808 συμπάσης
468 1735 566 1808 ἀρετῆς
589 1735 623 1792 ric
649 1741 745 1811 πρῶτα
768 1733 913 1806 ἀνήκοντες
933 1772 964 1784 -
984 1737 1130 1796 ἀπέθανον
1154 1737 1187 1792 di
1212 1737 1262 1790 seui

48 1807 125 1864 cisat
138 1823 216 1876 ποτε,
236 1801 278 1862 irs
294 1815 414 1864 τοιοῦτοι
433 1797 514 1876 ἦσαν,
534 1826 593 1863 non
611 1811 680 1882 quis
699 1810 757 1882 ipsi
776 1813 985 1867 coniurationis
1008 1812 1169 1882 participes
1195 1811 1260 1864 ius·

48 1890 119 1948 rant,
136 1880 250 1952 Xiphil.
269 1880 326 1937 1.1.
362 1883 417 1937 Pro
436 1881 582 1946 interfecta
607 1882 754 1937 coniicers
774 1883 868 1953 possis
890 1882 1059 1950 interfectis.
1095 1880 1153 1936 Sed
1175 1899 1205 1935 v.
1223 1877 1261 1934 ad

48 1956 89 2018 17,
106 1955 152 2020 to,
172 1958 198 2009 1.
218 1984 251 1996 -
274 1950 400 2008 Thrasea
418 1952 505 2006 Paeto
528 1960 556 2006 et
573 1953 671 2008 Barsa
689 1953 799 2008 Sorano
817 1952 894 2008 MSS.
919 1955 999 2012 Flor.
1026 1951 1104 2020 (test.
1122 1951 1204 2008 Pich.
1230 1957 1274 2005 et'

47 2023 130 2088 vict.)
149 2024 223 2079 Bud.
242 2023 304 2078 edd·
324 2023 401 2097 Spir.
421 2024 503 2082 Pich.
529 2041 592 2096 sqq.
626 2025 725 2080 Barea
751 2024 862 2081 Sorano
890 2033 916 2080 et
942 2023 1068 2080 Thrasea
1091 2027 1177 2082 Paeto
1199 2020 1258 2078 lllS.

49 2095 142 2154 Gueli.
164 2095 227 2152 edd
247 2095 310 2148 Put.
330 2103 354 2153 1.
373 2100 399 2153 2
420 2113 483 2169 sqq.
504 2101 540 2156 ad
558 2093 637 2150 Pich.
660 2095 801 2152 Thraseae
818 2097 868 2153 sel
888 2096 1013 2152 Thraeca
1030 2097 1135 2153 Paetus
1152 2095 1262 2150 Patisi-

47 2185 97 2220 nus
115 2175 146 2223 et
163 2165 290 2233 Stoicus,
302 2168 438 2234 uirtutis,
463 2171 628 2238 probitatis,
647 2169 802 2242 παρρησίας
828 2177 858 2224 et
874 2187 959 2224 aerae
980 2169 1096 2238 gloriae
1119 2166 1261 2237 exemplar

48 2237 81 2295 ll.
98 2241 126 2305 2,
144 2243 189 2296 ol.
227 2239 419 2304 „admirator
433 2241 494 2294 fuit
511 2243 616 2298 unicus
636 2239 763 2308 Catonis,
782 2239 818 2296 de
836 2243 918 2296 ouius
937 2243 1005 2296 rita.
1017 2242 1127 2297 librum
1140 2239 1260 2310 scripsit

49 2309 190 2366 indicante
208 2310 374 2370 Plutarcho.
411 2311 522 2370 Laudes
541 2314 604 2369 eius
622 2330 738 2384 sperem
756 2315 788 2368 in
803 2311 916 2381 Tacito,
933 2313 1070 2382 Arriano,
1088 2309 1190 2378 Dione,¹
1209 2307 1261 2364 sed

48 2383 186 2436 antestis
205 2384 356 2460 egregium
376 2382 507 2458 elogium
532 2385 568 2440 de
592 2383 647 2438 illo
672 2385 765 2455 ipsius
782 2385 908 2439 Neronis
932 2387 964 2440 in
981 2385 1132 2440 Plutarchi
1156 2380 1259 2438 libello

47 2455 192 2506 oriesiesis
208 2447 449 2526 παραγγελμάτων
475 2473 500 2509 c.
519 2459 565 2512 ³3.
591 2453 626 2510 T.
646 2453 685 2508 11.
709 2471 738 2524 p.
759 2457 821 2511 elo.
857 2457 959 2526 Νέρων
979 2456 1076 2528 ὀλίγον
1097 2456 1261 2530 ἔμπροσθεν

48 2525 192 2592 insistas,
216 2521 266 2580 τὸν
285 2525 414 2594 Θρασέαν
439 2521 560 2594 μα’λιστα
576 2530 670 2596 μισῶν
696 2543 743 2577 και
767 2525 950 2614 φοβούμενος,
977 2523 1053 2602 ὅμως
1076 2517 1260 2597 ἐγκαλοῦντός

49 2611 115 2658 τινος
132 2592 169 2656 ὥς
186 2601 277 2659 κακῶς
294 2594 457 2671 κεκριμένου
475 2599 522 2651 καὶ
539 2595 650 2664 ἀδίκως,
674 2591 830 2665 ἐβουλόμην
852 2593 901 2664 α’ν,
923 2597 988 2668 ἔφη,
1021 2598 1151 2670 Θρασέαν
1175 2592 1261 2658 οὕτως

49 2666 93 2738 ἐμὲ
110 2671 206 2739 φιλεῖν
223 2665 259 2732 ὥς
276 2665 405 2737 δικαστὴς
423 2663 536 2742 ἄριστός
553 2667 637 2722 ἐστιν.
673 2663 767 2734 Salve,
786 2684 803 2721 o
823 2669 914 2735 salve,
940 2671 989 2722 vir
1006 2687 1113 2745 mag-ne
1131 2675 1162 2724 et
1179 2670 1260 2722 inter

10 2793 11 2796 ,
49 2737 190 2826 Romanos
208 2742 353 2812 sapientes
378 2747 511 2796 sunctum
538 2737 615 2794 mihi
637 2755 755 2824 nomena
792 2737 838 2792 Tu
855 2757 995 2817 magnum
1021 2740 1109 2794 decus
1127 2739 1259 2827 Gallicae

48 2809 1259 2954 isitii.mititifiti‘titttiiiiii{titii‘liiiittt

82 2956 182 3018 suites,
202 2962 235 3009 et»
249 2956 327 3010 vitae
344 2956 507 3026 mortisque
523 2953 682 3025 aequabilis
700 2953 814 3008 tenor.“
832 2953 958 3024 Lipsius.
985 2952 1028 3008 De
1047 2969 1081 3008 eo
1098 2955 1136 3009 ci.
1157 2951 1220 3007 lud.
1234 2951 1258 3005 l.

50 2973 120 3083 iius.
141 3027 206 3080 cst.
225 3043 251 3080 c·
270 3029 314 3084 37.
340 3025 472 3100 (καὶγὰρ
496 3027 578 3088 αὐτὸς
595 3025 751 3086 Μουνάτιος
770 3033 938 3097 σύγγραμμα
961 3028 1026 3098 περὶ
1048 3027 1179 3086 Κάτωνος
1202 3019 1260 3084 iii·
1309 3083 1314 3094 ⁸

49 3098 142 3164 σωκεν,
162 3089 187 3164 qi
204 3099 322 3165 μάλιστα
340 3098 465 3168 Θρασέας
482 3095 724 3168 ἐπηκολούθησεν.)
743 3097 819 3150 Plin.
840 3115 885 3169 ep.
904 3101 931 3164 ³,
950 3102 993 3155 lo.
1011 3101 1039 3164 6,
1057 3100 1101 3154 to.
1121 3102 1150 3162 ¹1,
1170 3097 1213 3152 19·
1231 3097 1259 3156 82

49 3171 88 3226 tl.
107 3169 219 3241 Xiphil.
237 3171 282 3236 51,
303 3171 346 3226 15.
364 3173 409 3232 ot.
427 3172 471 3226 75.
491 3173 537 3236 ot,
556 3173 601 3226 13.
626 3201 659 3213 -
685 3169 781 3222 Barea
803 3168 932 3223 Soranus
955 3169 1128 3234 consularis,
1152 3168 1204 3240 qui
1227 3167 1259 3220 in

49 3241 253 3310 proconsulatu
271 3239 356 3296 Asiae
374 3239 548 3296 offensiones
565 3241 692 3296 Neronis
714 3247 836 3326 suxerat
859 3240 980 3295 iustitia·
997 3249 1027 3294 et
1050 3239 1205 3325 industris.
1227 3255 1258 3324 γ.

49 3310 732 3448 111115111.7111111λὶ1ξέ
745 3307 1259 3441 &fitistiittiattiit't

49 3455 126 3510 mitia
143 3456 254 3510 Dextra
272 3457 310 3510 11.
331 3454 364 3510 1..
412 3455 504 3508 alerio
522 3454 660 3510 Messalla
681 3453 804 3508 Tiraeia
825 3452 926 3509 Prisco
951 3456 1031 3511 coss.
1067 3456 1104 3510 ln
1129 3453 1188 3508 alio
1216 3453 1259 3506 la·

49 3526 142 3596 pidsl
225 3530 258 3584 Q.
278 3526 394 3582 Marcio
411 3527 510 3581 Barea
536 3526 568 3580 T.
587 3525 688 3580 Rustic
705 3525 836 3580 Nummio
859 3527 942 3580 Galla
970 3527 1049 3584 Coss.
1086 3523 1117 3580 Si
1142 3527 1178 3582 de
1199 3527 1258 3578 isto

49 3597 133 3654 liures
173 3615 273 3665 urano,
291 3598 479 3659 habemus'et
496 3597 584 3652 huius
602 3597 663 3652 viri
681 3597 804 3652 celebris
823 3599 937 3673 gentile
955 3596 1089 3656 nomeu.“
1116 3598 1197 3669 Lips.
1222 3593 1260 3650 sd
1378 3615 1381 3622 ·

49 3665 76 3720 h.
88 3671 108 3724 1.
129 3683 160 3728 et
177 3669 213 3726 ad
231 3675 276 3739 12,
295 3673 340 3728 5³.
358 3669 455 3738 „Haec
471 3669 626 3740 inscriptio
640 3677 711 3724 ests
734 3707 740 3721 .
761 3669 881 3726 Gruter·
898 3687 927 3740 p.
946 3672 1009 3734 107,
1027 3673 1054 3727 Β.
1080 3667 1184 3724 Sedet
1202 3667 1260 3722 sliu

49 3759 91 3812 ap.
110 3743 230 3798 Gruter.
248 3760 278 3814 p.
296 3744 359 3809 2³5,
378 3746 421 3798 lo.
441 3748 533 3811 patet,
553 3757 601 3796 eos
620 3686 751 3796 consuids
769 3741 861 3796 fuisse
880 3742 931 3795 sub
945 3740 1064 3796 Tiberio
1082 3750 1111 3796 et
1130 3739 1258 3811 quidem,

50 3821 80 3866 ut
101 3814 218 3870 ridetur
241 3812 355 3890 riguis,
383 3811 519 3868 suffectos
544 3831 569 3866 a.
589 3811 626 3867 U.
652 3815 712 3869 778.
741 3811 868 3866 Calvisio
896 3821 926 3868 et
951 3811 1077 3868 Lentulo
1105 3810 1259 3866 Gaetulico

50 3901 115 3944 coss.
134 3886 300 3942 ordinariis.
339 3885 476 3940 Ceterum
493 3885 543 3938 rel
562 3886 605 3939 sic
621 3884 735 3969 gentile
752 3899 860 3940 nomen
876 3883 1033 3940 Barssrum
1055 3883 1126 3938 hinc
1150 3899 1259 3960 cogno·

52 3958 169 4016 scitur.“
187 3957 257 4012 Era.
276 3957 313 4012 ud
331 3961 375 4022 12.
393 3960 438 4014 53.
474 3955 557 4022 „Qui
575 3963 757 4010 coniecturas
776 3963 933 4022 sectantur,
959 3953 1062 4012 adeant
1078 3955 1178 4010 Urssti
1196 3970 1259 4009 mo·

51 4042 123 4086 uam.
142 4030 237 4083 Putas.
255 4047 285 4102 p.
305 4029 364 4086 155.
386 4037 415 4084 et
432 4027 557 4084 Reimar.
576 4027 613 4082 ud
629 4025 740 4096 Xiphil.
759 4028 805 4094 62,
822 4027 890 4086 26³⁴
906 4029 989 4082 Brut.
1018 4059 1052 4070 -
1071 4027 1144 4098 quod
1160 4031 1259 4082 senatu

51 4115 177 4168 egressus
201 4105 253 4166 est,
318 4117 364 4154 um
387 4100 423 4155 de
444 4099 472 4152 A
517 4097 609 4172 ppiua
630 4099 801 4166 referretur,
833 4103 866 4152 ut
890 4099 1052 4167 munerari,
1079 4115 1118 4154 sc.
1144 4101 1189 4164 14,
1213 4101 1257 4154 11.

51 4173 209 4238 „lituu-ctus,
227 4171 281 4236 osi
332 4173 375 4226 'us
393 4180 423 4226 et
432 4172 463 4225 Pi
503 4189 557 4226 ens
574 4168 720 4225 malebant
737 4187 871 4240 egressus
888 4177 969 4227 essct.
989 4170 1084 4226 Immo
1103 4187 1165 4240 egr.
1185 4175 1257 4236 erat,

51 4244 124 4302 (num
141 4260 210 4298 mox
226 4243 409 4313 praebuerat)
427 4243 454 4298 si
471 4243 543 4313 quid
560 4241 739 4297 mutandum.
775 4242 875 4298 Melius
898 4249 978 4297 certe
1004 4248 1047 4297 est
1071 4259 1158 4312 quum
1175 4248 1257 4309 esset,

52 4331 135 4384 σοοω
152 4323 183 4386 st
199 4315 376 4372 indicativus
394 4321 542 4388 sequetur,
568 4322 599 4370 st
622 4312 710 4388 paulo
733 4319 801 4388 post
822 4311 879 4370 hac
903 4323 1036 4388 tempore
1061 4313 1170 4370 ceruit
1186 4314 1258 4370 obli·
