2872 4786
437 217 874 318 autumnum.
1203 223 1269 300 ser

43 403 121 460 pore
137 384 215 442 lulis
232 393 263 444 et
279 387 373 460 Papia.
402 385 489 457 biam,
507 395 542 444 ut
558 388 702 462 Ulpimus
724 396 808 446 notat
828 387 953 456 ds.1t.‚
977 391 1099 448 feminis
1123 391 1174 448 lau
1190 390 1269 450 lulis

45 481 64 516 a
83 467 181 516 morte
199 461 259 514 viri
277 461 348 514 anni
365 463 546 517 vacationem
563 463 679 530 tribuit,
705 481 723 518 a
740 463 868 518 divortio
887 464 1031 518 mensium
1048 481 1108 520 sex.
1124 465 1165 519 At
1181 465 1270 537 Papia

46 531 228 589 clementior
245 549 262 585 a
279 540 374 587 marte
391 533 543 588 biennium
561 533 695 604 indulsit,
729 552 747 588 a
763 534 885 607 repudio
902 553 1011 590 annum
1029 544 1060 595 et
1075 553 1188 592 menses
1207 554 1267 592 sex.

46 606 83 658 lu
103 603 335 682 Suetoniodug.
353 606 400 661 et.
421 603 692 682 innatamque,
722 621 777 660 neo
804 605 841 662 11
856 613 887 661 te
903 607 1010 662 turbet
1045 608 1183 663 Exsolvit
1201 625 1269 663 eum

46 677 159 730 nodum
183 674 239 729 Dio
263 674 297 728 in
323 677 455 731 oratione
477 677 603 756 Augusti
627 677 664 733 ad
690 678 814 734 caelibes
842 679 887 744 bb,
906 682 932 736 7.
968 679 1026 732 Kal
1048 678 1115 737 adds
1138 676 1166 740 te
1182 685 1269 734 radia

46 747 146 818 pinos
163 747 312 815 πατήπιιξα
330 743 412 816 ὑμᾶς)
437 745 505 802 illd
527 748 560 803 sd
584 748 637 820 pir
653 755 764 822 sepeliar
783 754 846 822 epia
871 749 916 818 ἔτη
933 749 983 806 dle
1007 751 1077 822 πρὸς
1095 751 1270 823 παρασκευὴν

48 820 119 888 ὑμῖν
143 817 242 883 idaia,
265 819 297 876 ed
323 819 355 874 dl
379 813 507 891 δεύτερον
532 815 597 887 δύο,
627 837 677 875 aec
701 823 740 876 cd
763 819 822 875 ista
839 823 1006 888 {estinanter
1022 823 1124 894 irrepub
1140 839 1199 889 aas,
1217 821 1269 879 sed

45 891 175 962 priosum
191 897 250 945 tres
267 892 396 962 integros
412 907 500 946 annos
517 893 556 947 ad
572 899 740 962 apparatura
756 894 802 948 rei
818 897 949 963 conces&
974 893 1073 950 driade
1090 895 1179 950 Mans.
1249 913 1254 926 ·

123 961 247 1017 CAPUT
264 963 300 1019 de
314 963 453 1034 praemiis
468 965 638 1020 maritorum
652 972 830 1036 patrumque,·
848 968 976 1038 quadiu
994 967 1096 1022 ordine
1113 967 1270 1052 septimum

47 1036 154 1100 tuisse,
185 1034 308 1112 colligas
332 1053 369 1092 ex
386 1035 497 1112 Ageuii
519 1040 546 1101 1,
566 1039 609 1094 lb.
646 1037 785 1093 Praemiis
812 1039 891 1093 enim
914 1039 1060 1094 invitandi
1085 1039 1207 1094 fuerunt
1231 1037 1271 1092 ad
1334 1049 1338 1057 '

48 1107 240 1160 matrimonia
264 1117 294 1162 et
314 1109 430 1178 prolem
454 1108 701 1180 frequentandam.
739 1107 869 1165 Praemia
895 1111 1019 1165 duorum
1036 1127 1187 1190 generum,
1217 1109 1270 1165 bo·

49 1193 139 1232 nom
157 1188 187 1235 et
204 1180 361 1236 commoda.
399 1179 475 1246 Quae
493 1180 623 1259 largiora
640 1191 763 1254 utraque
780 1183 857 1256 apud
873 1193 986 1256 pata-esi
1016 1183 1154 1272 quaedam
1171 1191 1270 1238 tamen

49 1251 175 1306 seorsim
193 1250 258 1306 data
276 1252 362 1308 etiam
381 1253 511 1309 maritisr
545 1255 640 1309 relati
658 1253 808 1312 honestior
824 1256 858 1310 in
876 1257 1049 1342 spectaculis
1073 1256 1162 1312 locus.
1198 1254 1271 1310 Sue-

48 1324 150 1378 tonius
168 1324 243 1402 Aug.
262 1326 307 1381 tt.
342 1327 469 1382 Militem
487 1328 607 1384 seereoit
625 1345 643 1382 a
659 1329 775 1399 populo3
801 1331 919 1384 marites
940 1347 956 1384 e
979 1329 1057 1399 plebe
1074 1329 1205 1398 proprias
1222 1345 1271 1382 or·-

49 1397 131 1450 dines
154 1397 321 1468 assignavit.
357 1399 398 1454 Et
422 1399 544 1456 adeam
569 1401 743 1457 sententiam
765 1403 886 1474 accipio,
915 1401 992 1474 quod
1003 1409 1099 1528 ⁷poeta
1125 1401 1271 1472 Hispanus

49 1470 147 1524 ‘nete
164 1469 268 1524 floribit
284 1473 312 1538 ⁶5
331 1474 374 1530 ⁴2
411 1471 540 1541 Spalim
564 1490 647 1544 mm
670 1475 713 1529 “⁰8
730 1474 866 1529 mm
886 1475 970 1539 mo,
1026 1471 1124 1528 mm
1145 1471 1271 1543 Μ

51 1547 82 1595 et
99 1541 212 1610 gradus
235 1549 263 1595 et
285 1542 379 1597 edicta
400 1545 577 1617 Trabeasque
599 1551 625 1598 et
643 1547 712 1601 Idus
732 1547 885 1619 fibulasque
912 1552 1073 1616 ansam
1116 1543 1222 1601 Sedere
1238 1544 1272 1598 ira

50 1615 176 1684 equiem
200 1613 287 1668 liceat
311 1629 348 1670 an
369 1617 424 1671 tibi
447 1617 569 1672 seusana
598 1617 714 1686 Videbo,
742 1618 877 1690 Didqmee
910 1635 965 1673 aon
995 1617 1062 1672 licet
1089 1616 1284 1688 rrsaru'torssru.¹

50 1685 275 1740 Praecesseraut
304 1688 378 1742 item
401 1689 501 1743 mariti
524 1691 556 1742 in
582 1693 757 1766 magistratu
781 1698 811 1745 et
829 1691 861 1744 in
878 1691 1014 1744 funibus.
1049 1687 1183 1766 Agelliua
1202 1687 1223 1741 l.
1242 1703 1269 1742 c.

51 1757 153 1827 Cupite
170 1757 285 1826 septimo
303 1759 379 1829 legis
403 1760 492 1816 iuliae
513 1761 621 1830 priori.
634 1778 669 1816 en
695 1763 854 1816 comtibus
878 1763 972 1830 fasces
998 1759 1126 1816 mesti
1147 1764 1272 1830 pateam

51 1835 106 1896 est,
124 1845 178 1884 nass
195 1831 244 1900 qui
257 1833 353 1900 piures
370 1835 460 1887 mnes
484 1838 567 1887 sutas
591 1835 722 1900 est,·sed
738 1834 788 1905 qui
808 1834 905 1902 plures
929 1833 1034 1888 liberos
1058 1847 1141 1919 quarn
1162 1829 1272 1898 collega
1362 1863 1367 1879 ι

50 1907 101 1955 aut
119 1902 151 1955 irs
169 1915 221 1954 ssa
235 1907 371 1970 potestate
386 1903 467 1960 babet
490 1910 542 1958 aut
565 1905 637 1959 bello
654 1907 761 1960 omisit,
803 1905 861 1960 Sed
882 1907 911 1960 si
929 1919 985 1976 par
1007 1911 1118 1975 absque
1140 1917 1273 1959 austerus

51 1974 427 2042 nomannorum,
450 1981 498 2030 asse
520 1978 568 2046 qai
590 1978 620 2031 in
644 1993 757 2032 numm
773 1977 944 2033 nanterum
961 1983 1012 2041 est,
1028 1977 1201 2046 Μαίσων.
1237 1975 1272 2028 ln

50 2062 167 2100 numeru
183 2045 363 2112 nauem,
383 2047 413 2101 id
432 2056 486 2113 est,
505 2049 620 2120 opinor,
639 2065 770 2122 sponsus,
799 2049 849 2105 rel
869 2051 966 2112 etism,
984 2049 1036 2121 qai
1053 2049 1099 2104 ius
1116 2046 1220 2102 babeat
1236 2044 1272 2100 ab

51 2117 97 2172 lm
135 2125 234 2172 ratore
251 2120 359 2173 mariti.
389 2119 424 2173 ld
442 2119 521 2174 enim
539 2136 653 2193 quoque
671 2121 735 2176 duri
754 2121 838 2188 solet,
912 2122 969 2176 ‘ter
985 2138 1020 2176 ao
1037 2121 1085 2175 ius
1101 2119 1271 2174 liberorum.

50 2189 90 2244 Di
113 2189 152 2242 'ci
179 2205 215 2244 ex
243 2191 330 2246 unico
356 2189 458 2246 Dionia
487 2191 552 2246 loco
576 2193 621 2261 to,
645 2195 690 2250 11.
718 2193 754 2249 de
778 2191 850 2248 clau
870 2193 914 2247 ios
949 2197 1013 2256 Τοῖς
1038 2189 1273 2264 στρατευομένοις,

52 2259 149 2328 bandi
168 2265 298 2330 γυναῖκας
323 2263 374 2318 oda
398 2259 532 2318 ἐδύναντο
556 2265 584 2318 la
601 2283 633 2333 ps
651 2270 707 2322 sair
724 2265 925 2334 ripariam,
951 2263 984 2319 ed
1003 2268 1059 2320 seir
1076 2259 1273 2333 γεγαμηκότων

51 2329 229 2402 δικαιώματα
255 2333 351 2401 biars,
382 2335 534 2402 militibus,
564 2339 693 2406 quoniam
720 2355 755 2392 ex
776 2337 885 2407 tegibus
906 2351 1010 2392 utores
1030 2337 1130 2391 ducere
1153 2335 1193 2388 iis
1217 2349 1274 2386 nass

52 2405 169 2472 licebat,
197 2395 270 2458 “iura
293 2405 459 2460 nsadtmns
481 2409 627 2463 concessit.
672 2406 729 2464 bed
755 2415 786 2462 et
810 2408 896 2479 plura
914 2407 1035 2462 ‘maritis
1058 2406 1219 2492 privilegia
1240 2405 1274 2460 in

52 2483 144 2542 sorte,
167 2476 199 2530 in
216 2475 467 2532 administratione
484 2479 723 2549 provinciarum:
755 2495 829 2549 quae
854 2477 972 2534 hauries
997 2497 1034 2534 ex
1058 2479 1199 2550 praemiss
1221 2493 1274 2548 pa·

51 2559 136 2603 trum
156 2548 264 2614 statim,
282 2567 320 2604 ns
338 2549 437 2604 eadem
456 2547 587 2602 iteranda
605 2551 673 2604 sint.
710 2547 843 2604 Patribus
862 2557 952 2616 certe,
970 2557 1004 2602 ut
1021 2549 1166 2621 praedixi,
1190 2565 1275 2616 prae-

51 2622 113 2675 mia
129 2619 267 2674 uberiora
292 2628 323 2674 et
344 2619 434 2691 pleno
452 2619 534 2674 velut
552 2618 682 2676 dimenso
707 2620 818 2697 legum.
854 2619 945 2690 quue
967 2636 1027 2674 non
1050 2619 1145 2673 solum
1163 2635 1179 2672 e
1197 2617 1275 2674 lulis

52 2701 106 2746 aut
122 2691 217 2761 Papia,
236 2689 287 2746 sed
303 2707 385 2746 more
401 2691 483 2746 Rom.
501 2693 607 2763 prisco.
642 2691 702 2746 Les
718 2690 807 2746 sodis
824 2705 859 2744 ac
875 2691 996 2745 nominis
1006 2689 1116 2757 latini,
1126 2688 1184 2758 -qui
1201 2687 1275 2742 stir-

51 2779 118 2834 pem
135 2777 170 2816 ea
186 2777 246 2816 sese
264 2763 343 2816 dorni
358 2763 557 2833 relinquerent,
582 2763 678 2831 dabm,
700 2771 732 2818 ut
751 2764 824 2817 cioee
841 2763 961 2817 Romani
976 2763 1081 2828 finani,
1112 2759 1155 2814 ait
1172 2759 1274 2815 Livius

51 2841 101 2901 41,
118 2837 145 2892 8.
181 2833 256 2887 Item
274 2853 292 2888 a
310 2835 476 2889 censoribus
499 2835 530 2889 in
553 2833 833 2906 quattuor'urbanas
858 2833 947 2888 tribus
971 2833 1041 2902 (eas
1059 2839 1156 2888 autem
1173 2831 1275 2886 minus
1323 2838 1325 2846 ‘

51 2903 208 2972 honestae)
235 2901 373 2975 descripti
395 2913 476 2968 aaut
497 2907 636 2973 libertini,
663 2913 777 2978 praeter
802 2922 857 2974 eos,
883 2905 980 2976 quibus
1001 2905 1079 2973 filius
1103 2901 1275 2973 quinquenni

53 2979 146 3032 mmor
162 2992 197 3029 es
214 2975 268 3033 sc.
286 2984 369 3045 esset,
387 2979 430 3031 ait
447 2979 525 3032 idem
542 2981 587 3045 45,
606 2982 649 3036 15.
670 2979 779 3034 ,Iulius
797 2977 903 3032 Caesar
919 2977 1021 3047 agi-um
1040 2976 1212 3044 campanum
1230 2974 1276 3030 di·

53 3050 124 3104 oisit
143 3055 226 3102 entra
243 3058 351 3102 sarteas
362 3048 427 3102 XX.
445 3049 569 3104 millibus
587 3050 698 3116 ciuium,
717 3052 812 3122 quibus
830 3049 907 3103 terni
921 3050 1052 3120 pluresve
1070 3045 1156 3100 tiberi
1174 3052 1276 3113 essent,

54 3131 90 3176 ut
108 3127 191 3206 notat
208 3117 365 3206 Suetonius
383 3138 408 3178 o.
426 3123 470 3177 to.
490 3130 520 3176 et
537 3121 770 3208 Appian3Givil.
788 3125 815 3208 1,
834 3124 879 3177 lo.
902 3138 931 3191 p.
951 3123 1013 3178 tob
1031 3127 1061 3176 et
1078 3119 1211 3189 exempla
1228 3135 1279 3204 re-

53 3190 563 3336 {stttutfflritdr
599 3190 1127 3343 :britennorii
1162 3189 1276 3316 ,itt

56 3353 95 3392 ex
112 3334 161 3399 iis,
190 3351 264 3406 quae
285 3333 342 3390 Dio
366 3335 469 3391 scribit
495 3339 541 3400 bb,
561 3339 603 3393 1³.
627 3334 664 3392 de
686 3333 864 3408 praesidibus
881 3335 1111 3406 provinciarum,
1136 3340 1167 3389 et
1183 3335 1229 3396 bi,
1248 3335 1276 3389 1.

55 3413 126 3462 ante
149 3405 265 3476 Papiam
288 3406 386 3462 latam.
430 3407 536 3463 Fateor
562 3417 668 3473 tanen,
697 3406 775 3480 quod
802 3406 890 3491 Papia
903 3406 1103 3531 tqisussntisn.
1143 3404 1277 3488 stornio

7 3487 13 3500 “
55 3477 241 3540 πολυπαιδίας
268 3495 305 3532 ex
333 3496 366 3533 ea
389 3477 466 3556 lege,
492 3495 550 3534 non
568 3479 689 3534 absurde
706 3481 817 3542 fecero,
841 3492 901 3535 sao
950 3495 987 3532 ns
1003 3493 1173 3548 proponam.
1209 3474 1277 3530 ns-

55 3567 141 3618 rnuns,
174 3557 212 3610 ¹ut
231 3549 423 3620 inpetitione
449 3547 595 3604 candidati
612 3552 826 3623 praeferantur,
843 3547 947 3620 quibus
966 3548 1056 3603 liberi
1073 3548 1183 3674 qlures.
1220 3546 1277 3600 Ta-

56 3625 136 3678 citus
163 3621 238 3676 Anu.
257 3623 348 3688 251.
385 3619 492 3676 Contra
518 3619 649 3692 plerique
673 3621 844 3688 nitebantur,
868 3625 1055 3674 dinumeras
1090 3620 1229 3674 iberorum
1246 3619 1278 3674 ia

56 3691 224 3748 madidatis
240 3693 437 3762 praepolleret,
455 3691 530 3762 quod
547 3693 593 3745 lea
609 3693 731 3748 iubebat.
767 3693 829 3747 Lex
851 3707 910 3745 non
933 3691 1000 3758 alia,
1025 3708 1112 3762 quam
1134 3691 1208 3747 baec
1225 3691 1277 3745 Pa-

56 3768 116 3838 pia.
153 3763 315 3828 Secundum,
352 3765 396 3820 uti
420 3765 625 3835 praeferantur
641 3764 797 3836 proletarii
820 3761 852 3816 in
870 3770 949 3818 sorte
995 3763 1211 3831 revinciarum,
1248 3769 1279 3818 et

57 3837 172 3892 easdem
191 3834 299 3890 diutius
317 3834 471 3890 obtineant.
507 3835 591 3889 Prius
613 3836 776 3891 membrum
798 3851 814 3890 e
838 3833 940 3888 Tacito
985 3833 1277 3899 rmctlnn.lb‚19.

57 3907 277 3964 Percrebruerat
301 3922 334 3960 eu
360 3911 519 3976 terrspesiate
539 3907 730 3976 pronsnmus
756 3921 826 3970 moe,
854 3922 936 3976 quum
962 3905 1129 3974 propinquis
1154 3905 1278 3961 comitiis

58 3987 110 4036 aut
128 3985 208 4034 sorte
223 3977 434 4048 mundarum
448 3977 576 4048 plerique
594 3978 657 4032 orbi
679 3979 754 4046 fictis
774 3977 967 4046 adoptionibus
988 3975 1176 4032 andnemi
1193 3977 1277 4044 ilias,

57 4059 260 4122 praeturasque
287 4056 315 4104 et
337 4051 500 4120 prouincias
528 4049 603 4104 inter
623 4057 726 4119 potres
749 4049 846 4103 sortiti
875 4046 975 4102 statim
1000 4045 1157 4103 ernittererst
1180 4063 1280 4114 mana,
1364 4044 1372 4056 '

59 4141 128 4192 quos
145 4123 356 4192 adoptaverant.
393 4122 528 4176 Alterum
553 4121 679 4176 eDione
702 4123 748 4185 ti,
767 4123 809 4177 le
846 4117 1005 4186 maan,
1035 4119 1143 4190 inquit,
1170 4135 1279 4186 amos

60 4202 88 4251 et
106 4201 182 4248 sorte
198 4195 283 4248 lectos
301 4209 363 4246 esse
373 4193 470 4260 uoluit,
490 4191 559 4258 aibr
577 4197 604 4248 sl
619 4211 656 4258 ro
667 4191 850 4254 πολυπαιδίας
867 4190 885 4260 ἢ
904 4191 995 4259 γάμου
1006 4195 1145 4273 rqoropiu
1155 4195 1278 4265 προσείη.

61 4268 121 4321 nisi
142 4266 170 4319 si
196 4265 243 4330 cui
265 4263 456 4318 nultitediais
478 4263 597 4318 liberans
619 4269 670 4318 aut
695 4263 854 4331 nuptias-usn
880 4277 968 4316 caasa
987 4263 1171 4331 privilegium
1195 4267 1278 4320 esset.

60 4339 232 4410 Quanquam
248 4333 280 4392 id
296 4336 336 4392 ad
350 4343 460 4392 sonem
483 4341 597 4394 unium
619 4335 729 4394 nestri
752 4337 878 4396 intans
900 4351 955 4408 par
978 4341 1032 4402 est,
1062 4351 1121 4392 non
1137 4335 1226 4392 etiam
1242 4331 1279 4388 ad
