2854 4788
233 247 378 316 CAPUT
397 249 523 323 LXI-V.
544 249 652 319 LXV.
671 249 730 332 '(A.
742 249 792 319 U.
813 252 884 320 818.
896 254 945 345 ΙΔ.
969 249 1006 317 G·
1028 253 1095 336 65.)
1214 257 1276 324 451

55 413 143 499 Gorb-
161 413 233 494 Agr.
254 415 320 470 edd.
339 417 406 472 Ber.
425 415 520 475 Rhea.
541 421 570 474 1.
585 419 611 476 2.
629 419 656 477 3.
676 416 741 474 sla
765 416 859 491 lipsii
883 419 998 492 priores
1022 425 1052 476 et
1068 414 1164 491 Ryck.
1188 421 1279 494 isigi-

55 487 103 542 dis
121 503 183 542 sam
201 489 312 542 ortibus
331 489 393 543 edd.
412 489 506 560 lipsii
523 489 712 562 posteriores,
737 492 823 547 Grut.
849 491 928 548 Pich.
955 491 1040 549 Bern.
1065 491 1155 550 Boxb.
1181 495 1207 548 1.
1226 495 1276 553 Fr.
1386 531 1389 538 ι

56 559 151 618 Gran.
190 559 235 616 De
253 561 399 632 scriptura
417 563 531 615 aratus
556 569 586 616 et
609 563 719 614 ortibus
743 559 972 620 v.Scbneide1-'s
997 562 1047 619 lat.
1066 563 1279 622 Formenlehre

54 631 79 686 1.
99 651 130 704 p.
150 635 215 689 337.
236 659 270 670 -
307 633 383 686 cluso
401 649 433 686 co
502 650 518 686 e
535 635 683 688 aduersum
701 633 758 686 uim
775 634 872 688 ueneni
888 633 1105 690 medicamentis
1128 653 1279 706 praesum·

54 707 116 775 ptis
122 723 133 770 ς
152 705 222 758 Eros.
258 703 336 758 cluso
354 703 433 761 MSS.
477 705 539 761 lor.·
552 705 624 758 Bud.
644 702 707 762 edd
727 705 784 760 lac.
803 706 895 762 Gron.
915 705 995 762 Brut.
1014 705 1240 784 Wpltbsllekk.
1251 711 1279 766 2.

56 777 103 830 01.
123 776 160 831 ad
177 776 213 834 ll.
233 781 260 843 1,
279 779 323 832 33.
344 784 374 831 ct
392 777 428 831 G.
448 779 492 833 34.
510 795 540 830 n.
560 781 584 834 l.
604 777 699 831 clauso
717 775 796 832 MSS.
816 783 847 832 et
866 776 928 832 add.
947 777 1003 832 ael.

128 886 156 940 3
175 890 305 954 stagnum
332 885 445 938 calidae
471 899 561 954 oquae
586 883 707 940 videtur
732 885 837 939 solium
865 885 958 940 missa
985 884 1048 940 eive
1075 884 1201 955 labrum,
1228 904 1279 941 vas

54 956 212 1026 aquarium
235 956 268 1008 in
291 955 413 1022 balneis,
444 956 544 1011 Germ.
570 955 807 1012 Badewanne.
850 955 938 1010 Paulo
963 963 1031 1028 post
1058 974 1280 1028 respergensque

52 1043 101 1096 pr.
114 1028 146 1079 θ.
167 1027 266 1082 audito
283 1044 348 1081 uoce
367 1027 409 1082 ed.
429 1026 507 1098 Spir.
527 1060 560 1071 -
598 1027 690 1082 libare
708 1043 739 1081 se
756 1027 894 1100 liquorem
910 1027 992 1080 illum
1016 1027 1102 1082 lovi
1126 1027 1280 1084 Libero·

56 1096 150 1152 tori:
183 1099 289 1165 „Idem
307 1097 436 1154 Thrasea
453 1100 615 1154 moriturus
634 1099 718 1152 dixit.
747 1117 775 1153 v.
802 1102 846 1165 16,
871 1099 915 1156 36.
953 1099 1043 1154 Causa
1066 1102 1141 1156 viris
1165 1103 1280 1186 magnis

55 1170 147 1225 huius
173 1171 206 1224 iu
231 1173 374 1256 supremis
397 1171 456 1226 ioci
482 1190 499 1225 a
523 1187 605 1226 more
630 1172 819 1238 Graecorum,
868 1171 899 1224 ui
921 1169 1079 1226 discessuri
1102 1190 1118 1227 e
1144 1173 1280 1226 convivio

54 1239 186 1296 libabant
201 1243 268 1296 Iove
287 1242 448 1297 servatori.
488 1241 650 1296 Athenaeus
673 1245 713 1305 16,
731 1246 757 1300 6.
782 1243 819 1310 τῷ
838 1189 870 1295 ii
893 1239 963 1314 μετὰ
987 1241 1106 1296 δεῖπνον
1122 1247 1282 1316 κεκραμένῳ

55 1309 157 1385 πρώτῳ
174 1314 388 1384 προσδιδομένῳ
406 1321 527 1384 ποτηρίῳ
544 1316 613 1366 Δία
630 1317 775 1386 Σωτῆρα
794 1313 957 1384 ἐπιλέγουσι.
996 1313 1099 1370 Suidas
1112 1317 1144 1368 in
1154 1335 1182 1373 v.
1200 1317 1282 1385 ’adya-

54 1389 113 1440 ooo
128 1387 279 1453 Δαίμονος·
299 1386 364 1446 lios
382 1377 458 1456 εἶχον
476 1388 503 1439 ol
521 1387 637 1440 παλαιοὶ
653 1382 771 1460 μετὰ·τό
792 1385 910 1439 δεῖπνον
927 1389 1019 1440 πίνειν
1032 1384 1155 1455 Ἀγαθοῦ
1172 1388 1283 1460 Δαίμο·

55 1475 105 1518 νος
122 1453 337 1530 ἐπιρροφοῦντα
348 1451 478 1548 ἄκρατον,
497 1459 543 1510 καὶ
560 1465 643 1512 τοῦτο
659 1458 750 1528 λέγειν
761 1445 916 1532 Ἀγαθδῦ
934 1455 1127 1530 Ααίμόνος·
1140 1451 1233 1512 ’Ἄλλοι
1250 1457 1285 1512 dl

55 1545 138 1600 φασι,
153 1527 309 1598 τὸπρῶτον
327 1545 459 1600 reseptos
476 1525 548 1584 olto
558 1531 699 1599 λέγεσθαι,
714 1533 882 1600 χωρίζεσθαι
901 1529 934 1582 δέ
950 1529 1094 1598 μέλλοντες
1104 1527 1189 1590 Διὸς
1205 1532 1283 1582 sou

55 1607 169 1670 τῆρος.
204 1602 285 1656 Adde
302 1602 371 1664 buc,
395 1603 420 1656 si
438 1602 496 1666 vis,
522 1601 609 1673 plura
635 1602 668 1654 ab
693 1603 816 1656 Eraemo
840 1603 873 1654 in
898 1599 974 1655 Chil.
994 1603 1021 1666 2,
1039 1604 1067 1667 8,
1088 1605 1113 1656 1.
1137 1601 1169 1654 in
1195 1617 1284 1672 prov,
1306 1611 1308 1621 '

56 1673 204 1726 seruatori
231 1672 368 1727 tertias.“
394 1671 519 1741 lipsius.
558 1672 695 1739 „Ultima
721 1673 780 1726 luit
805 1671 932 1727 Socratis
959 1673 1113 1727 morientis
1138 1689 1211 1727 voxs
1245 1689 1277 1740 ro

52 1741 208 1812 Ἀσκληπιῷ
232 1742 384 1816 ὀφείλομεν
406 1742 586 1816 ἀλεκτρυόνα·
614 1741 683 1796 oillei
702 1738 822 1798 ἀπόδοτε
840 1746 888 1796 sal
910 1739 950 1814 μὴ
974 1741 1134 1816 ductiones.
1160 1763 1189 1800 v.
1209 1743 1282 1798 Plat.

55 1816 161 1873 Phaed.
184 1814 218 1872 T.
244 1817 266 1872 1.
292 1834 320 1888 p.
349 1820 410 1874 118.
447 1816 491 1870 lta
519 1831 633 1887 quoque
657 1813 768 1870 Seneca
793 1814 855 1868 lous'
873 1814 1039 1869 Liberalors'
1061 1814 1176 1868 libavit.
1213 1814 1281 1868 Plus

55 1888 126 1941 salis
145 1887 177 1940 in
197 1886 331 1943 Socrate:
356 1889 389 1942 in
406 1894 532 1958 utroque
556 1886 633 1940 haud
650 1889 718 1940 satis
737 1887 920 1964 dignitatis.“
938 1889 1021 1941 Brot.
1042 1914 1075 1925 -
1094 1887 1194 1940 balneo
1213 1885 1283 1938 illa-

55 1965 115 2022 lus,
133 1959 211 2013 sicco
230 1967 260 2013 et
277 1959 431 2025 laconico,
454 1967 489 2011 ut
507 1959 639 2012 videtur:
665 1977 732 2012 nam
751 1975 853 2028 uapore
873 1958 933 2012 aas
951 1959 1120 2012 exanimatus
1143 1965 1196 2022 est,
1220 1957 1283 2010 acri

57 2031 113 2084 illo
133 2038 164 2083 et
181 2030 312 2095 ardenti;
349 2029 428 2094 Lips.
467 2030 516 2084 Sic
535 2029 662 2096 Octavia,
682 2029 750 2100 quia
768 2046 885 2100 pressus
901 2045 1008 2100 pauore
1031 2029 1150 2099 sanguis
1169 2028 1284 2082 tordius

56 2101 215 2168 labebatur,
243 2104 423 2170 praefervidi
445 2101 540 2156 balnei
565 2118 668 2172 uapore
685 2109 815 2156 enecatur
834 2105 879 2166 14,
898 2105 942 2159 64.
969 2110 999 2156 et
1021 2102 1155 2157 Vestinus
1179 2099 1283 2154 consul

55 2171 158 2225 balneo
176 2173 310 2242 inies-lese,
329 2174 425 2228 calido
443 2188 517 2246 aqua
535 2181 677 2226 mersatur
702 2173 757 2230 inf.
776 2191 837 2244 cap.
858 2178 903 2232 69.
930 2206 963 2217 -
1001 2173 1063 2228 sine
1087 2173 1146 2228 ullo
1171 2171 1283 2238 funeris

55 2243 190 2310 sollenni,
209 2253 243 2298 ut
261 2249 305 2311 12,
324 2248 368 2304 tt.
388 2277 421 2289 -
458 2247 503 2300 lta
520 2245 662 2299 codicillis
683 2245 923 2315 praescripserat,
947 2261 1030 2316 quum
1048 2278 1082 2289 -
1108 2244 1283 2298 consuleret·-

54 2315 86 2367 6.
106 2331 131 2369 e.
152 2315 305 2383 codicillis,
325 2335 395 2388 quos
414 2319 573 2388 scripserat
591 2334 625 2372 eo
643 2325 786 2388 tempore,
806 2333 863 2386 quo
882 2317 976 2372 adhuc
994 2316 1112 2371 divitiae
1132 2323 1162 2372 et
1179 2323 1284 2386 poten·

53 2389 130 2440 tiam
148 2384 278 2452 haberet,
296 2389 426 2442 nondum
444 2389 577 2442 demotus
595 2405 665 2442 cura
683 2406 783 2442 rerum
802 2389 1001 2459 publicarum:
1029 2405 1097 2443 nam
1116 2395 1211 2442 morte
1235 2387 1284 2446 de-

55 2458 191 2511 nuntiata
206 2475 266 2512 non
284 2460 371 2514 licuit
388 2466 598 2515 testamentum
616 2458 759 2524 scribere,
778 2459 847 2512 Ero.
870 2460 915 2514 01.
930 2477 960 2512 ca
983 2495 990 2511 .
1009 2459 1052 2516 62.
1077 2459 1173 2530 princ.
1196 2466 1226 2513 et
1248 2457 1285 2512 ad

54 2533 83 2594 4,
102 2531 149 2594 36,
166 2530 194 2585 2.
231 2530 379 2596 codicillis,
398 2551 427 2588 τ.
446 2533 483 2586 ad
503 2537 527 2597 l,
547 2532 573 2596 6,
592 2533 618 2587 6.
652 2530 879 2599 praescripserat
902 2477 981 2583 atsi
999 2528 1071 2604 Bag.
1092 2529 1162 2583 llud.
1183 2529 1281 2584 Gueli.

56 2599 121 2654 edd.
143 2599 220 2672 Spir.
239 2599 333 2654 Men.
353 2605 379 2660 2.
399 2607 426 2660 3.
445 2602 510 2656 Ald.
531 2602 610 2671 Lips.
630 2620 642 2654 s
665 2619 692 2673 q.
721 2601 765 2653 Gi·
784 2601 865 2666 adl,
885 2601 912 2664 6,
932 2603 958 2656 2.
986 2601 1193 2668 perscripserat
1219 2599 1282 2655 edd.

56 2672 121 2724 Put.
143 2675 208 2728 1.2.
227 2670 292 2730 Ber,
311 2671 359 2736 (ad
377 2689 464 2743 quam
482 2673 566 2726 siluit
582 2673 657 2726 Vict.
693 2670 787 2727 liban.
810 2675 835 2726 1.
855 2671 1021 2740 Utrumque
1038 2678 1138 2741 aptum
1156 2669 1186 2723 b.
1200 2671 1219 2724 1.
1239 2681 1283 2726 est

57 2751 88 2798 et
99 2743 200 2797 eodem
217 2760 308 2815 paene
326 2745 498 2814 compendio
518 2743 682 2814 scripturae
700 2743 827 2813 exprimi
847 2743 929 2798 solet.
949 2743 1104 2811 scripserat
1122 2741 1179 2797 MS.
1199 2741 1281 2800 Harl.

56 2847 90 2858 -
110 2831 194 2886 quum
212 2815 296 2867 etiarn
314 2819 374 2868 turn
393 2847 425 2858 -
445 2813 583 2883 supremis
602 2813 664 2866 suis
682 2815 846 2881 consuleret,
865 2813 980 2868 funeris
998 2813 1119 2867 modum
1142 2813 1283 2884 praefini-

55 2894 111 2941 ret.
133 2885 179 2941 Gi.
198 2885 235 2939 ad
253 2891 278 2952 1,
296 2888 325 2950 8,
344 2891 370 2943 1.
408 2888 594 2952 „etiamtum
616 2883 645 2938 ln
665 2902 690 2939 e.
717 2902 750 2940 eo
774 2893 916 2956 tempore,
941 2899 998 2955 quo
1021 2883 1123 2940 adbuc.
1160 2885 1294 2938 Frustra-

55 2957 193 3011 Heinsius
203 2957 374 3027 etRyckius
391 2957 530 3012 volebant
548 2955 710 3023 etiamnum,
729 2957 807 3028 quod
823 2957 904 3010 valet
921 2954 957 3012 de
975 2964 1108 3026 tempore
1125 2957 1283 3030 praesenti,

55 3029 101 3082 nti
126 3027 216 3084 eliam
234 3034 294 3082 turn
311 3029 347 3085 dc
363 3029 557 3102 praeterito.“
579 3026 686 3083 Waltls.
709 3047 737 3085 v.
755 3029 799 3102 ed,
819 3033 847 3094 1,
865 3033 893 3094 3,
910 3031 938 3086 2.

508 3169 702 3226 CAPUT
742 3170 841 3232 LXV.

136 3281 239 3344 Fama
269 3280 346 3359 luit,
384 3277 545 3342 Subrium
577 3279 727 3350 Flavium
759 3299 835 3342 cum
865 3279 1120 3344 centurionibus
1147 3280 1281 3343 occulto

56 3365 197 3429 consilio
229 3383 335 3447 neque
373 3371 485 3426 umen
517 3363 698 3425 inornate
730 3361 855 3426 Seneca
883 3361 1112 3443 destinavisse,
1144 3372 1185 3425 ut
1204 3371 1281 3447 poet

55 3447 207 3510 occisum
238 3467 341 3530 opera
372 3445 501 3509 Pisonis
571 3465 708 3509 etonem
739 3446 815 3510 Piso
859 3465 992 3528 quoque
1030 3437 1282 3512 interficeretur

56 3527 316 3613 tradereturque
345 3529 526 3612 imperium
553 3527 708 3606 Senecae,
742 3531 837 3612 quasi
862 3529 1050 3594 insontibus
1077 3529 1281 3594 claritudine

53 3615 226 3674 uirtutum
246 3613 289 3676 cd
310 3631 476 3676 summum
498 3614 670 3699 fastigium
692 3612 832 3677 delecto.
877 3613 965 3678 Quin
988 3621 1022 3675 et
1047 3614 1152 3676 verba
1173 3615 1280 3677 Flavii

52 3696 295 3784 vulgabanture
317 3715 381 3758 non
403 3695 527 3774 referre
547 3695 708 3774 dedecori,
736 3699 767 3760 si
787 3695 992 3760 citharoedus
1009 3691 1228 3760 ‘demoveretur
1248 3705 1282 3761 et

54 3779 234 3864 tragoedus
261 3779 457 3860 succederet,
488 3779 577 3864 quia,
612 3787 652 3844 ut
679 3779 774 3846 Nero
802 3777 943 3856 cithara,
969 3781 1019 3844 ita
1045 3781 1123 3844 Piso
1149 3781 1280 3870 tragico

54 3871 180 3930 ornatu
201 3863 350 3928 canebat.

127 3985 152 4037 1.
171 3979 304 4037 Subrium
321 3979 463 4048 Herium,
481 3983 521 4037 ot.
539 3997 602 4052 cap.
620 3982 666 4038 43.
684 3981 729 4038 bd.
747 3983 784 4038 63
802 3997 866 4053 sqq.
886 4013 921 4026 -
954 3987 1019 4052 post
1035 3981 1158 4036 occisum
1176 4013 1209 4026 -
1224 3980 1281 4036 Ne·

55 4067 163 4120 ronan,
181 4055 220 4107 ci.
240 4054 305 4108 lnd.
317 4054 372 4110 111.
390 4072 420 4110 τ.
440 4053 604 4122 Porticipio
618 4053 693 4122 perf.
711 4067 789 4122 pass.
806 4069 859 4122 pro
876 4054 1013 4109 moesone.
1032 4053 1120 4111 obstr.
1140 4085 1171 4096 -
1193 4069 1281 4124 opera

56 4123 170 4178 Pisonis
194 4123 273 4181 MSS.
292 4125 373 4180 Flor·
392 4125 475 4182 llarl.
495 4125 576 4182 Bodl.
597 4123 760 4181 les-Guelf.
782 4123 846 4179 edd.
866 4125 943 4197 Spir.
962 4124 1043 4179 Pieb.
1064 4143 1128 4198 sqq.
1147 4141 1230 4194 opere
1246 4125 1280 4179 P.

56 4195 114 4250 MS.
133 4195 205 4250 Bud.
224 4213 276 4264 ope
293 4197 325 4253 P.
345 4197 402 4254 616.
421 4196 502 4251 Bodl.
521 4199 554 4249 in
572 4213 666 4260 marc.
685 4203 716 4249 et
734 4195 797 4250 edd.
816 4197 879 4250 l'ut.
898 4202 924 4253 1.
941 4198 969 4253 2.
988 4197 1054 4254 Ber.
1074 4197 1169 4252 Rhen.
1184 4199 1239 4253 62.
1253 4199 1284 4254 3ι
1388 4231 1393 4238 -

56 4265 123 4321 illd.
148 4265 225 4338 lips.
252 4267 337 4324 Grnt.
361 4297 396 4309 -
415 4269 518 4340 quasi
535 4267 608 4334 (ab)
627 4267 789 4323 insontibus
807 4265 890 4333 (scil.
915 4269 1039 4324 crimine
1056 4269 1150 4324 caedis
1168 4268 1281 4322 Neroni

55 4339 188 4410 pastae)
206 4336 392 4407 claritudine,
410 4341 447 4397 ob
465 4335 682 4408 claritudinem,
700 4338 836 4394 αι’νιαίιιαι
856 4367 889 4382 -
908 4339 1026 4406 delecto,
1045 4341 1084 4399 ci.
1098 4340 1160 4396 lad.
1178 4339 1231 4396 111.
1249 4359 1279 4394 τ.

988 4413 1056 4476 29*
