2814 4792
199 237 343 304 emur
364 235 637 304 xv1-xv111.
666 233 720 314 (u.
735 231 776 298 o.
791 233 865 302 eu.
885 231 926 298 u.
941 229 977 299 c.
991 231 1058 312 oa.)
1171 229 1236 326 rra

28 429 92 494 que,
112 415 154 472 ct
174 407 270 484 olim,
292 378 440 470 medium
459 407 595 470 faceret
638 401 702 465 llle
721 400 912 466 Armeniam
934 417 1066 482 quoque
1092 396 1236 463 diversio

30 491 198 576 praesidiis
218 491 371 553 'vacuam
402 489 478 551 fieri
491 514 494 522 ¹
509 487 752 572 expostulabat.
800 484 843 547 Et
872 491 1041 568 postremo
1073 483 1237 562 concessit

30 597 91 656 rex,
113 575 295 656 dirutaque
315 590 400 655 quae
419 571 611 655 Euphraten
631 571 724 634 ultre
749 569 994 632 communierat
1014 563 1175 646 Corbulo,¹
1203 575 1237 686 pt

30 659 175 722 Armenii
195 660 269 720 sine
290 657 420 730 arbitro
442 656 553 718 relicti
582 657 670 742 suut¹

88 783 114 835 1.
135 777 198 830 Hoc
214 772 404 841 (corbulone)
422 779 595 840 maquereute
615 771 721 826 irritem
744 769 860 824 laborem
887 768 1004 822 itineris
1022 767 1074 826 diu
1091 776 1237 840 noctuque

43 849 179 920 superati,
197 857 231 901 ut
249 845 392 901 auxilium
410 845 496 898 Paeto
518 845 657 898 terretur.
686 861 713 896 r.
732 857 794 912 cap.
815 844 857 898 tt.
894 842 955 894 Hoc
978 848 1151 910 maquereate
1173 841 1235 898 edd.

26 867 173 1048 tra·
302 915 567 1046 midaei.
581 923 612 1043 ι
628 915 1048 1052 ⁰⁰²⁹.
1059 911 1137 1038 ”it
1155 913 1237 1040 tu·

26 1063 106 1120 men.
126 1066 154 1119 ².
172 1066 201 1120 3.
221 1079 283 1134 sqq.
303 1060 359 1113 tite
377 1059 587 1128 conqueremini
605 1056 722 1130 quidam
741 1055 820 1112 MSS.
840 1063 914 1112 teste
932 1053 1011 1110 Brot.
1048 1057 1115 1110 Nisi
1131 1056 1238 1111 ultima

26 1135 129 1206 syllaba
149 1150 190 1188 au
217 1151 234 1188 e
258 1132 465 1186 terminatione
490 1131 572 1185 vocis
597 1145 657 1200 seq.
677 1128 817 1196 adhaesit,
841 1125 1025 1182 scribendum
1043 1128 1162 1182 videtur
1187 1125 1238 1180 hoc

25 1212 192 1276 respuerate
208 1221 283 1258 suam
298 1203 349 1257 rel
367 1207 467 1256 tentem
485 1201 535 1256 rel
553 1203 611 1256 dm
628 1201 677 1256 vel
694 1201 793 1274 potius
811 1201 865 1254 iam
884 1201 989 1254 irritum
1007 1199 1133 1267 laborm,
1164 1213 1238 1271 quaa

25 1281 170 1336 coniecere
200 1263 386 1345 interpietes.
429 1274 502 1327 Huic
526 1273 696 1342 conquerenti
720 1272 846 1326 malebat
875 1272 947 1326 lira.
974 1278 1004 1326 et
1030 1271 1086 1325 Hic
1112 1269 1240 1340 conponi

25 1351 145 1422 lipsius.
162 1381 197 1392 -
233 1347 284 1399 itte
301 1345 430 1412 (Paetus)
447 1346 587 1415 responset
603 1345 717 1412 integre
734 1344 838 1414 utrique
860 1359 929 1398 esse.
953 1341 1001 1401 Gi.
1021 1340 1057 1396 ad
1072 1345 1100 1410 3,
1118 1346 1146 1410 8,
1164 1347 1189 1398 1.
1209 1347 1239 1396 et

24 1424 48 1486 3,
63 1423 107 1486 et,
127 1422 153 1472 ².
189 1419 313 1487 utrinque
329 1415 387 1474 MS.
407 1416 491 1471 Gorb.
511 1449 545 1460 -
581 1415 643 1470 Non
661 1433 695 1472 eo
711 1415 888 1486 Imperatoris
904 1413 1004 1468 hubert
1022 1432 1053 1468 se
1070 1415 1116 1480 (ut
1134 1413 1239 1468 deinde

24 1505 155 1556 egrerm
173 1498 204 1544 et
220 1489 408 1556 repetiturum
425 1507 454 1546 v.
474 1487 510 1552 ad
526 1489 554 1552 5,
572 1489 600 1555 5,
618 1488 659 1550 t.)
677 1487 803 1542 mundate
824 1486 942 1540 Corbulo
960 1503 1000 1541 sc.
1017 1485 1067 1551 ait,
1086 1485 1170 1543 dixit.
1191 1483 1237 1539 (if.

24 1561 80 1617 lud.
99 1561 157 1617 111.
176 1579 206 1615 r.
228 1560 348 1628 Ettipeer
365 1577 411 1616 nr.
431 1561 456 1616 b.
475 1566 506 1614 st
525 1561 567 1616 li.
603 1559 703 1613 hebere
720 1559 859 1612 omissum
878 1558 910 1612 in
928 1556 972 1611 ed.
993 1557 1070 1629 Spir.
1091 1587 1125 1600 ·-
1144 1571 1238 1624 epro-

23 1633 108 1682 oiecr'u
126 1631 214 1702 Syria
232 1629 288 1684 sibi
305 1647 322 1683 a
340 1631 456 1685 Nerone
482 1631 651 1685 demandata
674 1644 812 1695 egressum
836 1646 898 1684 esse
922 1645 969 1695 ιο,
998 1627 1076 1700 qrtod
1096 1643 1156 1682 non
1175 1628 1238 1682 sine

22 1701 190 1776 gravissima
208 1717 293 1754 causa
309 1699 426 1756 licebat.
464 1715 498 1753 en
513 1701 657 1768 provincie
676 1701 719 1754 ed.
739 1699 816 1771 Spir.
838 1729 869 1744 -
905 1699 954 1754 Sto
971 1715 1079 1768 quoque,
1104 1699 1130 1753 si
1153 1699 1238 1770 repe·

23 1779 93 1824 teret
112 1771 240 1842 Syriam,
267 1771 390 1838 optim
407 1771 551 1826 Fortunam
569 1771 707 1839 mundam,
738 1789 767 1826 v.
787 1769 822 1826 ad
844 1773 872 1838 4,
891 1771 918 1836 t,
936 1771 963 1826 l.
984 1778 1013 1824 et
1032 1773 1075 1836 ld,
1094 1774 1138 1836 ll,
1156 1771 1182 1826 3.
1203 1795 1237 1808 ·-

21 1843 334 1910 frethunensium,
353 1844 421 1912 quia
440 1841 535 1912 campi
553 1842 682 1910 facilius,
702 1859 718 1896 e
760 1841 866 1896 editius
885 1843 944 1896 iter
961 1841 1065 1896 duent
1083 1839 1237 1910 equitibus.

23 1913 63 1966 Gi.
82 1913 146 1973 lnd.
166 1912 221 1965 111.
239 1929 268 1966 r.
288 1913 416 1966 Abiett'oa'
432 1912 655 1966 substantivorum
673 1912 739 1966 abso
752 1913 802 1967 uti.
822 1940 857 1951 -
875 1911 995 1981 equitem,
1015 1912 1137 1983 equites,
1155 1913 1238 1996 equi-

22 1993 122 2050 tatum,
132 1983 325 2109 0ιιιιὶιιῐιὶιὶιὶιιιιι
346 1991 460 2056 putant,
488 1980 663 2041 Parthorum
690 1999 724 2040 eo
742 1984 869 2042 maxime
886 1983 1059 2050 valentimn,
1086 1990 1120 2035 nt
1137 1983 1189 2036 alii
1208 1989 1238 2038 et

21 2065 105 2121 recte,
156 2071 190 2110 or
242 2056 319 2109 onir.

87 2131 116 2184 2.
135 2125 228 2180 Estne
246 2125 304 2181 MS.
323 2125 394 2179 Bud.
412 2123 495 2183 Deio.
515 2157 548 2170 -
584 2125 624 2179 At
645 2125 792 2193 Vologesis
809 2127 848 2180 od
866 2126 897 2180 0.
915 2125 994 2182 mirri
1018 2121 1117 2190 nundi,
1142 2131 1176 2178 ut
1193 2123 1238 2178 de·

21 2197 139 2252 traheret
156 2199 289 2261 castellas
313 2200 390 2270 quod
408 2214 443 2252 eo
461 2214 547 2252 sensu
564 2197 686 2265 dietum,
709 2215 766 2271 quo
784 2197 822 2256 al.
841 2199 974 2253 nuntiare.
997 2217 1026 2256 v.
1047 2198 1083 2254 ad
1099 2199 1127 2264 2,
1145 2199 1191 2264 hi,
1212 2201 1237 2254 l.
1301 2215 1306 2226 ·

20 2269 172 2324 detraheret
189 2270 305 2322 castella
330 2276 408 2323 treas
424 2268 600 2338 Euphratem,
633 2287 706 2342 quae
723 2287 749 2324 e.
768 2272 787 2326 9
803 2287 849 2340 pr.
875 2270 1020 2339 perndie
1037 2278 1067 2326 et
1084 2285 1109 2322 c.
1128 2270 1172 2326 tt.
1191 2285 1238 2339 pr.

20 2341 173 2394 morimeam
190 2339 327 2408 Euphrati
342 2339 478 2410 impositu.
499 2339 650 2394 Detrahere
668 2342 779 2396 diomm
796 2358 852 2412 pro
870 2359 1006 2398 amovere
1022 2341 1080 2407 rel,
1099 2346 1134 2395 ut
1172 2336 1239 2394 aulo

1334 77 1344 154 l

19 2421 90 2483 post,
110 2413 228 2466 diruere.
248 2445 282 2456 -
310 2414 347 2466 brt
370 2412 433 2466 otim
455 2409 533 2466 MSS.
560 2412 640 2466 Flor.
664 2414 751 2478 (teste
768 2412 862 2478 Pieh.)
887 2413 986 2470 Gneli.
1011 2413 1122 2484 aliique
1148 2357 1241 2480 dish„
1329 2426 1332 2431 ·

20 2485 77 2538 edd.
96 2483 177 2556 Spir.
195 2485 258 2537 Pur.
278 2489 305 2540 1.
324 2487 351 2540 2.
370 2483 435 2540 Ber.
455 2481 502 2550 (ad
520 2501 606 2555 quam
626 2483 710 2537 siluit
728 2483 817 2548 Vict)
844 2483 936 2539 Rhen.
957 2489 982 2541 1.
1010 2483 1090 2538 Pich.
1111 2501 1172 2554 sqq.
1208 2487 1240 2537 ut

19 2556 126 2610 omniunt
143 2553 201 2620 MS.
220 2555 293 2609 Bud.
313 2553 377 2612 edd.
395 2555 487 2612 Rhen.
505 2559 533 2612 2.
552 2557 579 2611 3.
607 2552 675 2607 Ald.
701 2553 818 2625 Gryph.
843 2555 922 2627 Lips.
944 2583 978 2594 -
1014 2554 1132 2608 dioneia
1158 2570 1239 2622 prae-

17 2627 107 2694 sidiis,
124 2646 153 2682 v.
174 2627 210 2681 ad
226 2631 254 2694 ²,
275 2627 320 2693 67,
342 2632 365 2683 1.
385 2656 419 2670 -
444 2641 566 2680 uacuum
590 2626 653 2692 heri
678 2625 874 2694 expostulabat,
903 2627 941 2678 ci.
960 2625 1026 2679 Iud.
1044 2624 1099 2679 111.
1126 2644 1154 2681 r.
1175 2625 1239 2692 luti·

18 2699 96 2752 sitici
114 2717 161 2752 nr.
180 2701 206 2755 t.
227 2731 259 2742 -
300 2697 444 2768 dirutaque
462 2715 529 2768 puae
547 2695 609 2750 edd.
630 2697 692 2755 Put.
706 2701 731 2754 l.
745 2699 771 2755 2.
790 2696 855 2750 Ber.
875 2695 922 2763 (ad
959 2715 1028 2750 uam
1045 2697 1238 2762 tamtitVict)

18 2769 105 2826 Rben.
124 2775 151 2826 1.
171 2769 251 2826 Pich.
272 2788 333 2841 sqq.
371 2771 465 2824 diruta
487 2785 603 2838 quaeque
628 2768 706 2826 MSS.
734 2767 815 2822 Flor.
840 2769 925 2830 (teste
939 2715 1056 2838 thtyck.)
1080 2767 1163 2824 nott.
1183 2768 1238 2823 les.

17 2843 108 2894 diruta
124 2857 226 2914 pureque
243 2843 362 2908 (vitiose
380 2856 435 2910 pro
454 2841 594 2908 dirutaque
612 2857 662 2914 paq
672 2841 683 2906 )
701 2837 758 2895 MS.
782 2839 879 2894 Gneli·
900 2838 944 2896 ed.
962 2839 1040 2912 spir.
1077 2839 1240 2908 diruptaque

16 2927 80 2977 quse
98 2911 155 2971 MS.
183 2911 254 2965 Bud.
281 2913 343 2966 edd.
370 2910 463 2967 iiben.
487 2915 513 2969 A.
533 2915 560 2969 ³.
588 2913 654 2970 Ald.
680 2911 706 2966 G
766 2912 796 2965 h.
821 2911 901 2983 Lips.
921 2945 954 2956 -
990 2909 1148 2980 Euphraten
1163 2911 1238 2964 ultra

18 2983 93 3036 MSS.
111 2985 195 3038 Flor.
214 2985 300 3049 (teste
318 2984 375 3040 lac.
395 2983 499 3050 Gron.)
518 2983 616 3038 Guelf.
635 2987 705 3061 Agr.
766 2985 794 3037 d.
812 2983 891 3054 Spir.
917 2983 981 3040 Put.
1001 2987 1027 3038 1.
1046 2979 1080 3039 2¹
1091 2983 1156 3039 Ber.
1182 2977 1238 3047 (ad

17 3074 100 3123 quam
127 3057 215 3111 siluit
241 3055 334 3123 Viot.)
357 3055 450 3110 liben.
472 3060 496 3110 l.
531 3055 623 3125 Ryck.
647 3058 703 3113 lac.
732 3054 822 3110 Gron.
847 3055 938 3110 Bekk.
958 3058 982 3111 A.
1006 3051 1124 3110 Walth.
1161 3053 1238 3106 ultra

17 3127 180 3193 Euphraten,
201 3123 252 3181 rel
278 3125 442 3192 Euphratem
468 3125 542 3192 (MS.
567 3126 652 3192 Bud.)
681 3125 743 3184 edd.
767 3126 860 3185 Rhen.
885 3129 911 3183 2.
931 3129 958 3198 3.
985 3125 1058 3180 Ern.
1084 3124 1133 3179 Ob.
1159 3123 1235 3178 Liin.

16 3197 118 3252 diessl.
140 3195 630 3267 ct.1n‹t111.v.t²raeposirtones
655 3215 701 3254 nr.
722 3203 747 3255 1.
768 3231 801 3242 -
838 3199 896 3250 eine
920 3195 1027 3250 muido
1051 3195 1130 3252 MSS.
1154 3197 1235 3251 Elor.

15 3271 97 3327 (test.
117 3269 174 3324 lac.
195 3270 288 3326 Grdn.
308 3279 337 3323 et
354 3268 447 3334 Vict)
466 3269 550 3324 Corb.
568 3270 642 3346 Agr.
661 3269 724 3324 edd.
745 3268 822 3341 Spir.
841 3268 897 3326 lac.
918 3267 1010 3322 Gron.
1029 3287 1092 3341 sqq.
1112 3267 1157 3322 Gi.
1171 3268 1236 3323 ind.

18 3340 52 3393 ll.
71 3340 132 3392 siae
149 3342 267 3394 arbitrio
284 3340 363 3396 MSS.
381 3341 422 3394 lie
446 3379 451 3392 .
476 3341 558 3396 Harl.
585 3341 640 3399 les.
669 3340 740 3396 Bud.
760 3359 777 3394 a
794 3357 833 3397 m.
852 3358 898 3413 pr.
919 3339 1016 3396 Guetf.
1046 3357 1095 3394 suo
1120 3339 1258 3421 arbitrio=

15 3410 94 3470 uss.
111 3409 183 3470 Bnd.
202 3433 218 3468 a
235 3431 275 3466 ru.
295 3429 351 3467 sec.
372 3413 412 3466 Bo
447 3456 454 3470 .
474 3412 537 3467 edd.
556 3412 619 3470 Put.
639 3418 666 3470 1.
685 3415 713 3470 2.
734 3419 763 3468 et
782 3421 837 3467 cet.
860 3419 926 3468 ante
944 3412 1035 3466 (iren.

442 3553 635 3610 CAPUT
674 3555 812 3614 xvttl.

97 3660 144 3726 At
163 3661 288 3727 Romae
315 3672 454 3746 tropaea
487 3659 528 3725 de
558 3663 692 3726 Parthis
720 3683 883 3750 arcusque
915 3661 1027 3728 medio
1055 3663 1102 3728 Ga
1125 3667 1237 3729 itolini

16 3747 141 3808 montis
161 3747 377 3826 metebantur,
399 3746 535 3809 decreta
556 3746 597 3808 ab
618 3755 735 3836 senatu
763 3750 896 3836 integro
922 3747 1031 3814 adhuc
1058 3687 1125 3812 befi

16 3849 77 3908 que
104 3837 179 3891 tum
207 3831 341 3910 omissa,
371 3828 458 3910 dum,
480 3825 629 3910 aspectui
655 3831 841 3894 consulitur
873 3839 987 3914 spreta
1022 3832 1235 3898 conscientie.

17 3911 105 3974 Quin
136 3921 171 3975 et
191 3911 440 3976 dissimulandis
467 3931 583 3974 rerum
612 3920 826 3976 externarum
852 3917 943 3977 euris
965 3913 1059 3976 Nero
1085 3919 1235 3983 frumen-

16 4002 88 4056 tum
109 3995 215 4077 plebis
236 4003 405 4059 vetustate
427 4003 626 4078 corruptum
646 3998 682 4058 in
703 3995 855 4059 Tiberim
877 4000 966 4076 iecit,
988 4016 1053 4081 quo
1075 4001 1235 4062 securita-

16 4083 85 4138 tem
106 4096 258 4140 annonae
279 4087 502 4154 sustentarem
523 4079 617 4140 cuiue
638 4079 751 4162 pretio
772 4080 855 4142 nihil
877 4079 1028 4143 additum
1040 4089 1100 4160 est,
1123 4102 1235 4165 quam-

15 4161 66 4221 vis
91 4157 250 4224 ducentas
270 4164 376 4224 ferme
396 4181 498 4227 naves
519 4172 622 4244 portu
642 4163 772 4245 inipso
793 4164 955 4228 violentia
976 4166 1181 4250 tempestatis
1202 4171 1236 4227 et

15 4251 152 4305 eentum
188 4243 269 4305 alias
300 4244 421 4310 Tiberi
456 4244 633 4310 subvectas
670 4247 832 4310 fortuitus
870 4249 958 4335 ignis
989 4247 1233 4332 absumpsisset.

16 4323 99 4387 Tris
127 4324 206 4389 dein
227 4327 429 4409 consulares,
450 4329 490 4392 1..
513 4327 677 4411 Pisonem,
698 4327 910 4394 Ducennium
929 4329 1118 4412 Geminum,
1139 4331 1235 4394 Pom-

1126 3769 1268 3829 one-x
