2854 4788
301 241 445 310 ceros
465 241 588 308 xnus.
613 241 791 356 (rosa.
813 243 981 339 eoas.)
1187 251 1250 320 ur
1301 211 1330 262 ²

31 409 590 549 ti‘tttlltei'tnt‘ttl‘0
606 405 849 538 “iiiam
864 419 1051 540 tultis·
1066 415 1250 542 latii

31 557 84 612 les.
102 553 176 609 naa
196 553 296 611 Guelf.
385 591 392 608 .
416 553 480 608 edd.
506 553 599 608 libers.
618 555 646 610 3.
665 558 693 612 3.
718 573 780 626 sqq.
816 557 944 611 subrecta
966 564 1061 612 eareat
1084 556 1144 612 118.
1168 558 1251 613 nor.

31 629 117 690 (teste
135 627 193 682 lac.
213 625 321 695 Gran)
403 624 480 696 spir.
510 627 653 680 subrenae
674 633 765 682 essent
789 626 846 682 MS.
869 629 950 684 Flar.
977 628 1022 696 (si
1045 647 1151 694 rerum
1173 629 1251 686 vidit
1281 661 1284 668 .

30 699 123 764 Pieb.)
142 698 207 753 edd.
223 697 294 752 Put.
312 702 337 755 1.
356 699 383 755 3.
402 697 468 752 Ber.
488 696 536 763 (ad
554 715 642 768 qnam
659 698 855 763 tacuit'Viat)
879 699 972 756 Rhea.
991 704 1018 757 1.
1041 702 1163 756 Vitiosa.
1200 700 1251 756 Sio

31 789 91 844 eap-
108 773 154 828 45.
192 785 303 823 secessu
320 777 450 822 moratus
468 774 537 822 esset
555 767 599 823 ed
617 768 695 892 spir.
714 785 769 840 pro
787 787 926 826 secessum
943 769 1082 839 oravisse,
1100 779 1131 827 et
1148 781 1252 826 contre

30 847 74 908 11,
92 844 139 898 63.
168 841 265 912 princ.
288 841 412 894 eluserat
435 838 513 894 1188.
537 855 592 912 pro
617 855 695 893 eura
712 847 786 897 erat.
806 875 841 886 -
876 859 945 898 saxo
975 841 1084 898 Gabina
1105 843 1251 898 tllbauooe

31 920 234 968 concamerata
252 913 459 980 solidarentur,
485 912 560 982 quod
576 910 604 964 ia
621 911 700 980 lapis
723 911 842 981 ignibus
862 913 1015 986 impervius
1031 922 1091 968 ests
1119 915 1252 982 „Eadem

29 988 74 1040 ris
93 985 201 1039 Sabino
218 983 312 1054 lapidi
328 983 438 1037 tributa
455 982 489 1036 ab
508 983 622 1037 Isidoro
640 986 685 1049 16,
703 985 732 1040 4.
761 983 995 1056 Sabiaualape'a,
1013 987 1122 1058 inquit,
1154 988 1254 1054 pascua

31 1057 133 1142 addito
151 1056 212 1140 olea
231 1055 317 1110 etiam
334 1055 427 1108 lucere
442 1057 547 1140 fatur.
577 1054 638 1136 ¹Eat
661 1061 689 1108 et
713 1055 828 1125 quidam
849 1057 958 1112 viridia
984 1057 1060 1128 laps'a
1076 1055 1252 1142 solonates*

30 1125 1254 1274 311313838161111111.ξῗῑέ.ἑ;.ὲ.3,1.ἒῗ..ζ;1;311ἑζ

30 1278 87 1324 τῶν
104 1265 204 1324 ἄλλων.
233 1269 276 1324 De
293 1269 340 1324 his
359 1217 560 1340 armandosque
577 1268 723 1339 lapidibus
740 1271 894 1341 imperviis
913 1273 979 1358 igni
995 1291 1024 1328 v.
1036 1273 1152 1327 Vitrav.
1163 1277 1191 1340 3,
1203 1271 1252 1330 l·“

32 1343 110 1412 Lips.
147 1342 333 1409 „confundit
350 1357 418 1394 cum
437 1357 539 1396 saxoe
561 1339 714 1396 launmiis
734 1341 854 1398 Gabinis
877 1342 1004 1416 lapidem
1022 1341 1173 1411 Sabinum,
1199 1345 1253 1416 qui

31 1434 47 1470 e
74 1414 194 1468 silicum
219 1430 327 1490 genera
349 1413 410 1464 fuit
434 1420 465 1466 et
486 1421 644 1536 propterea
667 1429 727 1466 non
752 1415 794 1468 sio
817 1422 900 1486 aptus
915 1415 1074 1472 aediliciis.
1119 1416 1253 1470 isidorus

30 1487 133 1558 priora
149 1483 238 1540 rerba
256 1484 458 1566 transscripsit
484 1501 500 1538 e
527 1485 600 1537 Pin.
619 1486 664 1550 36,
682 1487 726 1540 18.
745 1504 767 1542 s.
786 1487 830 1544 33.
854 1492 885 1540 et
905 1487 1070 1558 posteriora
1090 1503 1127 1542 ex
1151 1485 1253 1542 eodem

30 1559 77 1622 36,
94 1559 140 1614 33.
160 1576 183 1613 s.
202 1555 268 1613 ts.“
291 1555 452 1610 lleiaeetus.
489 1555 716 1626 „Praeterquam
734 1555 811 1628 quod
827 1557 881 1610 luae
899 1557 1074 1629 lapidicinae
1091 1557 1164 1612 Urbi
1182 1573 1253 1629 pro-

31 1631 138 1694 ximae,
156 1626 294 1681 mollibus
314 1623 407 1682 adhuc
426 1644 525 1682 earum
540 1627 684 1698 lapidibus
703 1629 782 1704 ignis
795 1645 909 1690 nocere
919 1645 979 1683 non
998 1637 1123 1700 poterat.
1143 1629 1253 1685 Contra

31 1716 102 1754 vero
121 1697 252 1754 duriores
271 1697 420 1752 Tiburtini
439 1697 560 1770 lapides,
578 1698 628 1751 sed
648 1699 655 1712 '
699 1717 714 1752 e
733 1701 804 1753 tacti
822 1700 974 1754 dissiliunt
993 1708 1022 1754 et
1040 1697 1253 1771 dissipantur.“

31 1773 114 1828 Broi.
151 1771 313 1837 „Albanum
329 1785 430 1823 saxum
448 1771 509 1824 sive
526 1769 602 1842 lapis
620 1769 657 1822 Al
676 1788 755 1836 anus,
775 1771 826 1842 qni
844 1769 944 1841 topbus
962 1770 1253 1838 (vulcaniscber

31 1843 117 1908 Tui)
135 1842 246 1896 dicitur
263 1838 379 1896 vitruv.
398 1841 426 1908 2,
447 1843 474 1896 7.
493 1857 572 1894 nunc
590 1839 782 1909 Peperino.,v.
800 1841 875 1896 llam
893 1843 953 1896 und
967 1843 1084 1896 Latium
1101 1859 1160 1896 ron
1178 1841 1253 1896 Bur·

31 1923 84 1968 ton
100 1914 163 1968 und
180 1911 298 1969 Sickler
314 1911 347 1969 T.
367 1914 390 1966 1.
410 1930 438 1984 p.
459 1915 503 1969 33.
522 1910 609 1965 Ottlr.
629 1912 752 1967 Miller:
780 1914 826 1967 die
849 1912 996 1968 Etr-uskei-
1020 1913 1054 1972 T.
1073 1913 1097 1966 1.
1119 1931 1149 1986 p.
1168 1911 1253 1971 atsl‘

31 1985 128 2042 Pabst.
164 1986 307 2040 Albanove
323 1981 401 2038 MSS.
420 1983 501 2037 Flor.
520 1981 591 2036 Bud.
611 1982 754 2038 Guelf.A
777 2003 801 2042 r.
821 1984 884 2040 edd.
904 1983 981 2055 Spir.
1005 1984 1068 2042 Put.
1088 1989 1115 2040 1.
1133 1987 1162 2042 3.
1186 1985 1252 2039 Ber.

31 2057 122 2111 llben.
142 2061 171 2114 1.
189 2056 284 2128 llyok.
302 2055 359 2110 lac.
371 2054 460 2112 Gran.
473 2062 527 2110 cet.
556 2056 722 2126 Albanoque
740 2001 802 2112 edu.
821 2055 913 2111 Rhen-
932 2059 958 2112 3.
976 2059 1003 2112 3.
1023 2073 1086 2128 sqq.
1105 2055 1142 2112 ad
1158 2055 1253 2127 nyok.

33 2129 77 2181 Ct.
97 2127 133 2180 ad
150 2131 180 2193 3,
198 2132 243 2194 st,
264 2131 289 2184 1.
309 2128 345 2181 G.
363 2132 389 2184 1.
407 2146 436 2180 n.
456 2130 482 2184 6.
501 2127 573 2212 Agr.
594 2131 637 2184 13.
656 2145 686 2180 ιι.
696 2131 723 2184 3.
751 2126 869 2192 ignibus
886 2125 965 2182 MSS.
985 2127 1065 2182 Flor.
1083 2129 1154 2203 lieg.
1168 2125 1252 2182 Bodl.

31 2201 84 2256 les.
104 2197 177 2254 llud.
196 2199 297 2254 Gueli.
315 2198 385 2275 Agr.
407 2197 468 2254 edd.
488 2197 566 2270 Spar.
584 2199 647 2252 Pus
667 2204 694 2256 1.
712 2201 739 2256 3.
758 2199 824 2254 Ber.
842 2197 936 2258 Rhea.
947 2204 973 2255 1.
992 2197 1086 2272 Ryck.
1105 2217 1168 2272 sqq.
1187 2197 1255 2270 igni

32 2270 94 2328 edd.
113 2269 206 2324 Men.
224 2273 252 2327 3.
271 2273 298 2326 3.
317 2288 380 2342 sqq.
406 2271 441 2325 ad
458 2268 550 2340 llyck.

100 2345 129 2398 3.
157 2341 220 2396 lam
238 2358 311 2414 aqua
330 2369 363 2382 -
382 2339 512 2395 baberet.-
543 2343 600 2409 „ln
617 2341 1020 2416 Ms.13ud.am.sec.poss
1046 2343 1177 2400 custodes
1203 2341 1253 2398 ad·

32 2414 127 2468 diam
148 2421 193 2468 est
215 2413 349 2483 imposuit
373 2423 403 2468 et
427 2411 532 2467 statuit
549 2420 617 2486 post
634 2415 812 2468 ambirentur
828 2433 864 2468 ex
882 2415 1054 2470 emendandi
1073 2417 1177 2472 studio.
1214 2415 1254 2468 At

32 2485 145 2540 baberet
170 2494 199 2540 et
220 2485 394 2539 molirentur
416 2484 545 2556 pendent
568 2502 584 2538 e
610 2485 810 2555 praecedentis
827 2485 888 2539 loci
912 2489 1140 2544 construetione.
1177 2483 1254 2540 Gon·

31 2566 128 2612 verte:
149 2573 186 2610 es
205 2556 320 2613 sollte
339 2557 398 2612 ein
415 2555 530 2610 leder
546 2554 673 2612 haben.
700 2555 920 2612 Freinshemius
939 2565 1041 2612 contra
1059 2574 1176 2613 omnem
1193 2557 1254 2612 loci

32 2630 178 2684 rationem
197 2628 330 2683 censebat
348 2644 401 2698 quo
420 2636 487 2681 ante
506 2625 619 2695 largior
635 2626 790 2681 delendum
813 2627 905 2680 esee.“
931 2625 1039 2680 Wallb.
1074 2627 1118 2684 Cf.
1138 2636 1208 2681 nota
1224 2631 1252 2684 3.

30 2702 113 2768 ,lam
131 2715 207 2772 aqua
224 2732 260 2764 -λ
276 2707 310 2751 ut
328 2700 456 2752 custodes
474 2695 596 2763 balnei,
615 2697 645 2750 h.
665 2715 689 2755 e.
700 2707 743 2751 'ut
761 2699 1010 2753 constituerentur
1028 2715 1062 2752 ac
1084 2707 1254 2770 praeessent

32 2771 161 2825 castellis
171 2779 200 2826 et
213 2769 382 2826 salientibus
399 2770 507 2841 passim
526 2771 558 2822 in
567 2769 684 2840 publico
704 2767 843 2835 custodes,
862 2765 1016 2833 ἐπίσκοποι,
1055 2775 1252 2837 rocuratores,

32 2843 191 2908 (curatores
209 2857 347 2912 aquarum
364 2859 409 2925 ap.
431 2841 552 2894 Gruter.
570 2859 598 2911 p.
618 2843 680 2896 381.
701 2839 777 2906 183.)
795 2839 847 2912 qui
864 2853 950 2912 aquas
967 2787 1098 2926 pubdcas
1123 2841 1253 2910 privata·

32 2931 92 2966 rum
110 2913 228 2968 licentia
246 2912 382 2982 intercipe
400 2909 591 2984 prohiberent
610 2920 640 2965 et
654 2929 700 2966 eas
718 2910 867 2965 uberiores
886 2913 1107 2982 crebnoresque
1124 2919 1253 2982 praesta·

32 2993 108 3050 rent,
128 2988 179 3056 qui
198 2985 444 3056 operam'darent‚
463 2999 500 3036 ne
518 2990 631 3036 tantum
649 2983 717 3038 inde
726 2982 866 3037 ducerent
884 2982 1108 3054 derivarentque
1126 2983 1252 3037 insnum

31 3059 151 3128 privati,
169 3065 204 3110 ut
220 3057 331 3128 partim
349 3057 539 3120 siccarentur,
558 3054 629 3110 alibi
646 3071 750 3126 parum
768 3051 900 3107 humoris
919 3055 1150 3110 eiacularenturs
1191 3055 1254 3110 rae'·

32 3137 121 3196 terea,
154 3135 189 3182 ut
216 3127 334 3200 quisque
359 3126 571 3198 paterfamilias
594 3125 628 3178 in
671 3124 803 3194 ropalulo
829 3125 891 3179 sive
915 3127 947 3178 in
966 3125 1119 3180 vestibulis
1136 3143 1154 3179 a
1191 3125 1253 3178 ium

33 3199 162 3256 subsidia
181 3198 369 3268 reprimendis
377 3198 493 3267 ignibus
509 3195 633 3264 baberet,
687 3215 711 3254 e.
725 3195 847 3266 quodvis
864 3196 1092 3250 instrumentum
1107 3197 1253 3251 incendiis

32 3271 259 3343 compescendis,
274 3273 299 3323 si
311 3288 370 3324 non
383 3269 481 3324 omnia
491 3269 612 3344 singuli,
631 3275 661 3321 at
671 3285 757 3332 nemo
768 3284 827 3320 non
837 3265 934 3338 aliqua
947 3277 977 3324 et
994 3268 1057 3322 tere
1069 3265 1253 3392 complura.“

33 3343 119 3395 Gran.
157 3342 319 3409 ,‚(lustodes
340 3348 408 3395 eunt
426 3341 477 3412 qui
495 3339 657 3394 castellusii
676 3347 706 3394 et
723 3337 886 3392 castellusii
904 3353 1041 3410 aquarum
1067 3358 1141 3411 appe
1154 3340 1254 3394 lantm-

32 3431 79 3484 ap.
99 3414 218 3470 Gruter.
237 3430 265 3484 p·
286 3417 349 3470 661.
368 3431 396 3465 n·
417 3414 442 3468 7.
461 3414 489 3468 3.
510 3420 540 3466 et
558 3411 695 3464 Frontin.
715 3409 750 3464 de
768 3407 884 3480 aquaed.
904 3413 966 3468 117.
985 3412 1129 3482 praelecti
1153 3411 1254 3465 castel-

32 3485 73 3538 lis
90 3503 231 3556 aquarum
250 3485 313 3538 sive
331 3481 504 3548 dividiculis,
522 3485 554 3538 in
570 3501 643 3554 quae
657 3481 842 3558 colliguntur
855 3499 944 3553 aqtiae
963 3491 993 3536 et
1006 3483 1084 3538 ande
1101 3483 1134 3535 in
1151 3481 1255 3538 urbem

32 3557 214 3612 dividuntur.
243 3573 270 3610 v·
294 3555 410 3608 Vitrav.
428 3557 456 3619 8,
474 3557 499 3609 1.
528 3553 604 3607 Plin.
622 3557 669 3619 36,
688 3557 732 3610 15.
751 3555 777 3610 5.
797 3556 842 3621 24,
859 3557 885 3611 3.
916 3553 1043 3638 Hesych.
1069 3561 1099 3610 et
1116 3551 1253 3610 usensi‘

32 3625 113 3696 Lipa.
150 3627 247 3696 „Sunt
264 3626 354 3692 servi,
379 3625 431 3697 qui
449 3625 481 3679 in
499 3625 648 3725 inscriptt.
674 3625 863 3696 appellantur
881 3626 1007 3696 aquarii.
1035 3643 1064 3678 v.
1088 3627 1189 3685 Burm.
1217 3625 1254 3680 de

32 3707 107 3752 vect.
125 3716 193 3771 pop.
211 3697 293 3754 Rom.
313 3698 378 3752 diss.
397 3695 461 3754 ΧΠ.
480 3715 510 3768 p.
528 3694 614 3754 241.‘
631 3697 715 3750 Brot.
734 3728 767 3740 -
805 3697 935 3750 subsidia
961 3695 1146 3768 reprimendis
1172 3696 1254 3762 igni-

33 3771 84 3823 bus
101 3778 169 3824 sunt
187 3774 218 3823 ol
240 3785 315 3835 aver,
331 3767 477 3839 siphones,
497 3767 632 3840 (ὄργανόν
649 3787 676 3820 τι
693 3769 732 3828 εἰς
749 3761 865 3839 πρόεσιν
880 3763 991 3822 ὑδάτων
1008 3767 1040 3824 lu
1056 3773 1113 3830 τοῖς
1129 3767 1187 3841 ipa
1205 3763 1253 3836 ήσ-

58 3859 96 3902 aa
121 3789 259 3912 flesydi,
290 3841 392 3896 cerm.
417 3839 728 3910 l'euerspritsen3
754 3855 786 3893 v.
811 3839 889 3895 Hero
914 3839 1017 3913 Spirit
1042 3857 1072 3911 p.
1093 3839 1167 3908 18⁰2)
1185 3785 1254 3913 dpa,

72 3931 144 3979 mae,
172 3915 288 3984 σκάφαι,
318 3911 422 3978 scalae,
450 3909 593 3977 dolabrae,
627 3927 727 3981 cupae,
752 3911 829 3980 unci!
846 3912 936 3966 ferrei
955 3917 985 3966 et
1002 3911 1069 3968 alia.
1090 3909 1135 3964 Gi.
1155 3911 1187 3965 in
1222 3927 1252 3996 p.

35 3983 108 4037 Plin.
129 4003 176 4056 ep.
195 3988 240 4053 16,
259 3987 302 4043 43.
322 3983 443 4040 Cramer
460 3982 496 4036 ad
513 3980 611 4038 Schol.
631 3980 760 4036 Iuvenal.
780 3985 825 4049 lt,
844 3984 905 4042 666.
926 3981 1069 4038 Heubacb.
1094 3981 1130 4038 de
1147 3985 1254 4054 politia

34 4055 116 4109 liam.
134 4057 232 4114 Goett
251 4059 331 4114 1791.
351 4053 374 4120 5.
393 4055 522 4112 46-61.
539 4087 573 4100 -
600 4069 651 4108 uec
667 4052 855 4109 cormauaioae
871 4055 1029 4122 parietum:
1048 4055 1254 4125 „praemiata

34 4128 129 4180 minus
147 4136 212 4184 erat
228 4127 432 4182 incendiorum
449 4125 625 4197 periculum.
661 4125 739 4179 Olim
764 4124 794 4180 le
853 4126 909 4180 111
934 4123 1102 4180 tabularum
1125 4126 1255 4197 spatium

35 4199 112 4252 inter
129 4199 230 4254 domos
249 4198 396 4254 insulasve
415 4195 446 4251 in
465 4196 652 4254 latitudinem
670 4197 741 4250 daos
817 4204 896 4254 es-et
913 4197 1062 4252 semissem
1085 4196 1202 4268 patebat
1218 4193 1255 4252 ad

34 4269 204 4326 liberiorem
218 4267 420 4324 circumeundi
436 4268 624 4337 facultatem
642 4268 719 4340 quod
736 4215 885 4323 adservari
896 4269 955 4322 iam
967 4267 1086 4339 pridem
1096 4266 1253 4325 desierat.“

35 4341 115 4396 Brot.
152 4341 218 4412 „Ad
241 4341 315 4398 haeo
341 4338 428 4396 verba
449 4358 504 4410 per
531 4339 674 4412 syllepsin
697 4339 925 4416 intelligendum
949 4346 994 4394 est
1009 4338 1180 4396 laberentur
1204 4340 1253 4396 vel
1308 4367 1311 4374 ·
1342 4333 1347 4350 ⁸

68 4437 134 4509 app.
159 4439 224 4494 Tac.
247 4439 278 4496 Τ.
299 4439 336 4496 11.
1006 4429 1050 4494 2⁷
