2800 4790
167 175 255 286 ⁸aas
302 101 323 230 ⁵.
493 119 497 170 '¹
582 163 826 234 naumann
850 159 1048 232 numu.

194 339 242 398 Ita
264 335 383 394 coasilia
408 333 532 394 Tiridati
555 333 622 409 (pro
644 333 763 412 vulgari
788 329 939 402 Tiridatis)
964 329 996 385 ia
1021 327 1179 384 amussim
1200 325 1320 380 rerteiaat
1337 343 1366 389 sa,

194 413 392 469 vertebantur.
411 418 445 464 ut
463 413 507 476 lt,
525 412 568 466 31.
588 409 657 478 qaod
673 415 768 461 eontra
784 406 867 460 vertit
884 423 924 474 ee,
943 401 1123 458 00an
1140 408 1264 462 arentum
1280 396 1366 452 habuit

196 485 241 540 Gi.
271 484 334 554 lud.
363 481 418 536 111.
442 499 470 540 r.
505 481 596 536 Verba
621 480 714 532 activa
744 479 853 544 paesioe
872 505 904 516 -
936 477 1021 530 dicta.
1066 473 1200 526 vertebant
1228 468 1279 525 MS.
1306 467 1366 520 Flos.

196 555 281 620 (teste
304 556 360 610 Iac.
381 552 492 620 Gran.)
516 553 588 628 neg.
613 552 682 628 Agr.
707 547 770 606 eda
797 549 874 623 Spir.
898 547 991 618 llyak.
1019 563 1081 617 sqq.
1122 543 1280 597 vertebamur
1306 538 1366 592 MSS.

195 625 278 682 Harl
305 625 386 684 soal.
412 623 483 679 aua
507 623 570 680 add.
598 624 660 677 rue
687 627 711 677 l.
731 623 757 678 2.
785 630 815 676 st
839 628 892 675 cet.
921 628 987 673 ante
1014 617 1108 688 Ryck.
1143 615 1301 668 vertebantur
1323 609 1366 664 its.

195 697 295 754 Guali.
314 727 348 739 -
385 695 593 765 expostularent,
654 701 817 759 orerentur,
837 701 871 746 ut
889 693 932 756 lii,
951 694 977 748 ὅ.
997 696 1025 744 et
1042 692 1085 747 17.
1105 715 1137 726 -
1171 685 1366 748 redimetrtltit‘

196 767 349 835 amicitia,“
376 766 410 823 aa
429 783 486 839 quo
512 765 622 820 ulicis
646 765 683 820 al.
709 763 746 819 D.
764 765 829 818 NN.
854 763 888 820 Τ.
907 763 961 817 111.
1008 762 1095 818 too.
1120 766 1149 814 et
1165 757 1245 812 Vaill.
1267 757 1294 808 in
1309 771 1367 806 nnio.

197 841 314 898 collect.
331 839 366 894 Τ.
385 839 408 896 1.
427 857 456 910 p.
474 837 555 895 1805‘
573 838 664 894 Obesi.
684 869 718 880 -
753 837 846 889 aooiss
864 835 896 888 in
914 779 1013 889 MS}

197 913 324 968 suomi.
359 912 427 964 Mox
448 911 533 964 locata
550 908 686 976 beneficiis
713 909 758 965 ed.
778 906 855 980 Spir.
876 940 910 952 -
945 922 1028 960 cama
1050 903 1148 970 (iuste,
1165 901 1240 966 iure)
1264 915 1324 966 uta
1342 895 1367 958 11}

197 995 232 1038 ut
250 998 332 1038 caasa
350 997 426 1050 quara
447 983 529 1036 aaa
551 982 595 1048 15,
613 985 641 1038 2.
662 1013 695 1026 -
732 981 841 1033 malleat
868 977 923 1046 (sc.
950 978 1105 1054 Vologeses
1124 984 1152 1029 et
1173 969 1311 1032 Tiridates)
1326 965 1367 1022 itS⁴

198 1055 278 1110 Flos.
299 1053 362 1112 add.
381 1051 461 1106 Picis.
481 1071 543 1125 sqq.
580 1051 671 1104 mallet
689 1051 753 1105 add.
773 1058 830 1105 ret.
848 1057 878 1105 st
895 1047 985 1104 Bekk.
1005 1081 1039 1092 -
1063 1045 1215 1110 Arsacidis,
1233 1060 1258 1095 r.
1275 1041 1304 1094 ai
1317 1042 1337 1102 l,
1352 1042 1367 1090 l<

200 1159 233 1172 -
251 1127 361 1194 caepim
380 1125 435 1176 iasa
458 1124 538 1178 MSS.
566 1123 647 1176 Flor.
677 1121 762 1178 Gorb.
787 1121 867 1178 Bodl.
894 1123 927 1174 in
952 1139 1042 1198 marg.
1061 1118 1132 1172 llud.
1151 1116 1209 1172 edd.
1227 1111 1295 1186 Spin.
1312 1107 1367 1162 Pici«

198 1215 262 1274 sqq.
280 1197 352 1260 ‚tna
369 1197 508 1251 omissum
527 1196 559 1248 in
577 1193 642 1260 aoid.
662 1203 717 1248 cet.
755 1194 790 1248 lu
808 1193 869 1250 MS.
889 1191 988 1248 Guslt.
1012 1193 1090 1245 clade
1107 1189 1224 1247 Βοιιαιιᾶ
1244 1185 1320 1252 sepias
1337 1195 1367 1232 et·

197 1270 285 1338 perta.
306 1295 340 1308 ··-
376 1273 517 1337 comperto,
540 1269 579 1320 of.
599 1265 662 1324 Iud.
682 1265 736 1324 ΠΙ.
763 1283 791 1321 r.
819 1265 974 1334 Participia
996 1265 1070 1330 Peri.
1092 1278 1165 1332 paea.
1187 1261 1216 1313 ia
1239 1263 1305 1308 testo
1325 1267 1367 1304 aaa

198 1340 445 1470 fisatatezpoeita.
464 1369 498 1384 -·
534 1338 656 1407 attineri,
687 1357 716 1396 v.
740 1336 777 1391 ad
800 1340 826 1407 1,
844 1339 890 1396 ³5.
915 1367 949 1380 -·
976 1337 1071 1390 madet
1096 1361 1128 1374 -
1152 1329 1275 1398 aggredi,
1300 1327 1329 1379 ct.
1347 1319 1367 1376 ad

233 1447 244 1480 s
269 1417 296 1478 ls

1015 831 1085 888 usli.
1103 830 1187 896 notis,
1205 845 1258 882 non
1273 825 1367 896 improb.

593 1513 784 1575 CAPUT
825 1513 1032 1572 xxxvtu.

283 1625 448 1690 Placitum
470 1625 600 1706 dehinc,
632 1628 709 1710 quia
740 1625 1000 1689 commeantibus
1021 1623 1164 1686 invicem
1184 1615 1295 1680 nuntiis
1313 1601 1368 1672 nihil

201 1711 238 1774 in
266 1729 427 1773 summam
454 1712 544 1795 pacis
571 1710 821 1795 proiciebatur,
853 1708 1018 1790 colloquio
1047 1707 1195 1790 ipsorum
1215 1711 1325 1779 tempus
1342 1693 1368 1751 lo-

201 1813 343 1877 cumque
374 1793 544 1858 destiuari.
596 1793 691 1859 Mitte
716 1795 853 1876 equitum
880 1791 1075 1873 praesidium
1108 1785 1266 1852 Tiridates
1293 1775 1368 1870 affati

201 1876 267 1942 sibi
292 1875 438 1942 dicebatt
470 1887 621 1961 quautam
650 1875 828 1942 Corbuloni
856 1880 1007 1958 metasque
1032 1876 1161 1956 generis
1180 1868 1298 1932 militnm
1315 1867 1368 1952 asa*

200 1968 313 2034 tieret,
333 1979 398 2022 aon
418 1971 570 2040 statuere,
598 1961 670 2024 dam
688 1963 808 2042 positis
829 1959 938 2024 loricis
960 1967 992 2020 et
1011 1957 1120 2040 galeis
1140 1959 1174 2020 ia
1192 1952 1294 2034 faciem
1309 1957 1368 2026 pact

202 2047 374 2110 veniretur.
418 2042 612 2127 Cuicunqua
623 2045 829 2116 mortalium,
850 2041 974 2120 nedum
994 2042 1105 2105 veteri
1126 2046 1159 2102 et
1173 2031 1300 2122 provido
1312 2023 1368 2087 duci

203 2127 366 2189 barbaras
385 2129 530 2204 astutiae
551 2128 745 2211 patuissent,
773 2126 850 2189 ideo
871 2137 1002 2188 arctum
1023 2119 1103 2185 inde
1124 2135 1286 2184 numerum
1311 2109 1368 2172 finit

120 2257 123 2268 .
204 2219 238 2272 et
258 2209 337 2271 hinc
357 2209 518 2272 maiorem
539 2213 667 2290 afferri,
687 2218 727 2273 ut
748 2206 844 2273 dolus
866 2216 1061 2292 pararetur:
1090 2225 1165 2268 uam
1193 2199 1287 2285 equiti
1304 2191 1368 2276 sagit

203 2300 316 2356 tarum
337 2310 401 2353 usu
421 2295 570 2355 exercito
592 2295 621 2354 si
643 2291 773 2357 detecta
793 2310 936 2375 corpora
958 2291 1197 2365 obiicerentur,
1227 2280 1300 2346 nihil
1321 2289 1368 2368 pat

201 2378 353 2438 futuram
378 2373 639 2440 multitudinem.
693 2376 911 2439 Dissimulate
939 2382 1050 2436 manen
1084 2373 1262 2446 intellectu,
1290 2367 1369 2512 restra}

94 2489 96 2494 ·
204 2457 244 2520 de
270 2460 325 2531 iis,
352 2475 435 2539 qaae
461 2458 675 2539 inpublicare
697 2460 945 2530 consulerentur,
980 2459 1059 2520 totis
1092 2451 1278 2518 exercitibus
1304 2463 1369 2520 cor¹

204 2541 448 2619 dissertaturos,
482 2541 672 2626 respondit:
705 2544 880 2626 locumque
911 2541 1047 2626 delegit,
1080 2542 1175 2602 cuius
1207 2553 1277 2620 pare
1301 2528 1369 2590 atteri

205 2625 306 2689 colles
333 2632 430 2686 erant
457 2625 638 2688 clementer
664 2634 876 2712 assurgentes
897 2622 1101 2706 accipiendis
1122 2619 1265 2707 peditum
1284 2605 1369 2674 ordini

204 2708 277 2787 bus,
308 2727 386 2791 pars
418 2709 454 2770 in
482 2710 652 2791 planitiem
679 2710 918 2792 porrirebatur
952 2706 994 2768 ad
1027 2702 1233 2788 explicandas
1265 2695 1369 2778 equitat

203 2799 341 2854 turmas.
384 2789 514 2872 Diequs
534 2803 632 2875 pacto
653 2794 749 2875 prior
771 2763 1044 2856 llorbulossoeias
1067 2791 1221 2851 cohortes
1241 2789 1271 2844 et
1289 2773 1369 2842 auxili

204 2894 324 2960 regum
355 2893 419 2955 pro
447 2875 625 2952 cornibus,
657 2874 768 2938 medio
796 2883 922 2938 sextam
949 2873 1116 2960 legionem
1151 2867 1319 2938 constituit,
1344 2871 1369 2914 ct

205 2959 310 3018 accita
336 2976 397 3039 par
425 2965 557 3020 nactam
583 2959 659 3020 aliis
687 2977 727 3020 ex
749 2960 867 3020 castris
888 2958 955 3018 tria
977 2957 1083 3018 miliia
1104 2956 1312 3018 tertianorum
1328 2951 1369 3032 pet

204 3042 386 3102 miscuerat
405 3058 473 3102 una
493 3060 570 3102 cum
590 3042 709 3131 aquila,
740 3043 834 3124 quasi
857 3039 970 3103 eadem
992 3040 1081 3126 legio
1102 3041 1307 3120 spectaretur.
1342 3017 1369 3112 T!

205 3121 331 3187 ridetes
364 3132 524 3223 vergente
556 3125 622 3186 iam
654 3123 709 3188 (lie
739 3123 856 3209 procul
885 3123 1030 3200 adstitit,
1061 3121 1151 3184 unde
1178 3112 1278 3182 videri
1306 3121 1369 3186 magt

207 3223 303 3303 quam
324 3203 436 3267 audin
456 3215 579 3289 posset.
620 3205 670 3269 Ita
692 3210 762 3270 eine
784 3225 966 3270 concressu
988 3204 1230 3268 duxllomanus
1243 3185 1369 3257 abscedet

206 3287 348 3350 militem
369 3309 428 3351 sua
449 3309 610 3374 quemque
629 3292 666 3352 iu
688 3300 798 3354 castra
819 3293 855 3354 iu
879 3297 922 3352 et.

279 3407 304 3490 ¹:
323 3403 395 3458 aiiii!
410 3405 439 3458 ia
456 3421 577 3460 summam
595 3408 674 3475 pacis
690 3407 890 3476 proficiebatar,
912 3426 940 3461 v.
960 3406 997 3462 aa
1013 3407 1041 3470 2,
1058 3407 1103 3462 45.
1124 3411 1154 3458 et
1170 3401 1205 3454 H·
1223 3400 1249 3464 2
1266 3393 1308 3473 1⁶:
1320 3381 1369 3439 Dm]

208 3475 244 3531 ad
262 3476 327 3530 an.
347 3479 375 3541 3,
393 3480 438 3534 61.
467 3477 557 3532 Gron-
582 3479 619 3531 ad
643 3477 708 3534 Seu.
732 3489 865 3533 controv.
886 3483 909 3536 1.
938 3479 1028 3534 Praei.
1065 3479 1094 3528 ia
1112 3488 1230 3528 sammaa
1251 3477 1320 3534 aaut
1341 3455 1369 3510 ‘d‘

207 3549 279 3604 Ean.
300 3565 363 3619 sqq.
389 3565 425 3602 ex
450 3548 562 3606 emend.
588 3549 694 3604 Faerni
717 3559 746 3604 et
770 3551 835 3608 Urs.
872 3552 902 3603 ia
919 3567 1015 3603 summa
1031 3564 1059 3616 ρ.
1086 3544 1163 3600 MSS.
1188 3551 1217 3598 et
1234 3537 1292 3594 edd.
1308 3539 1369 3608 vati

207 3635 328 3672 summam
344 3619 539 3686 proficiscatur
556 3621 631 3678 coni.
651 3625 724 3678 Mur.
745 3653 778 3663 -—
814 3623 916 3688 affore:
934 3623 966 3674 in
984 3621 1028 3676 ael.
1047 3619 1124 3691 Spir.
1145 3617 1250 3684 afferre.
1269 3639 1297 3650 -
1321 3615 1369 3680 casn⁴

209 3705 269 3758 que,
294 3699 324 3744 et
348 3693 439 3748 cuius.
459 3723 492 3734 -
530 3693 597 3758 dam,
628 3693 793 3760 dnmmodo,
821 3695 850 3746 ia
873 3693 972 3760 faciem
992 3693 1073 3760 pacis
1095 3689 1237 3748 veniretur,
1265 3679 1291 3733 h
1308 3693 1327 3729 t·
1344 3687 1369 3724 ⁵¹¹

209 3761 307 3827 armis,
327 3761 368 3816 ita
386 3769 421 3814 ut
439 3771 515 3817 esset
533 3763 642 3837 species
661 3774 691 3820 et
708 3765 807 3842 imago
825 3765 964 3837 quaedam
983 3763 1072 3835 pacis,
1091 3778 1151 3815 non
1168 3755 1252 3820 bellis
1268 3752 1326 3805 ΕΜ·

210 3833 298 3898 facies
315 3833 351 3886 H.
370 3835 398 3912 l,
417 3835 460 3891 tt.
479 3837 507 3901 3,
526 3839 569 3892 3⁰.
589 3839 616 3903 5,
635 3839 680 3894 23·
708 3836 780 3913 Aga.
799 3841 843 3894 36.
863 3840 907 3892 38.

280 3907 306 3960 2.
326 3904 476 3974 Caisuaqae
493 3908 651 3974 mortalium,
671 3909 763 3962 aedani
781 3907 811 3960 h.
823 3927 846 3962 e.
859 3907 952 3961 multo
968 3906 1070 3982 magis.
1086 3904 1132 3958 Gt.
1143 3897 1304 3956 Ramshorn.
1314 3889 1369 3942 Gr¹¹

142 4011 144 4016 .
209 3993 239 4047 p-
259 3978 320 4032 485.
338 4007 371 4019 -
391 3979 510 4031 astutiae
533 3978 665 4032 barbarae
691 3977 720 4035 h.
742 3998 767 4034 e.
786 3977 910 4034 barbari.
939 3979 983 4032 Cf.
1008 3977 1070 4046 luel.
1091 3977 1146 4029 111.
1166 3993 1193 4030 v.
1212 3965 1369 4024 adiectione

210 4047 292 4104 satae.
310 4065 338 4118 p·
350 4051 413 4104 806.
424 4081 458 4092 -
475 4051 635 4117 patuissent,
655 4051 769 4105 scilicet
787 4057 888 4104 arctam
906 4049 970 4102 inde
988 4064 1116 4102 numnam
1133 4043 1218 4114 fiairi,
1237 4038 1280 4094 axi
1317 4044 1356 4084 ⁰¹¹1

212 4125 354 4184 accurate,
373 4121 425 4190 qui
441 4121 504 4174 inde
522 4137 589 4174 cum
606 4119 738 4176 Tinidate
756 4121 932 4176 adventurus
943 4121 989 4176 sit.
1010 4127 1120 4184 matura,
1138 4134 1166 4170 v.
1178 4113 1213 4170 ad
1230 4053 1363 4166 eigel·

213 4192 258 4255 32,
267 4192 293 4246 l.
304 4198 336 4275 et
345 4193 387 4274 ll,
397 4195 441 4257 63,
453 4195 478 4247 1.
488 4193 551 4246 inde
562 4223 593 4234 -
604 4201 630 4247 et
638 4193 711 4260 liae,
729 4192 827 4248 axilla
840 4201 924 4264 parte
934 4201 1007 4247 etex
1015 4191 1078 4248 hac.
1099 4189 1160 4242 ideo
1170 4193 1252 4240 artam
1266 4184 1369 4252 asmata

212 4277 269 4315 rara
285 4263 361 4328 finire
381 4269 407 4317 et
424 4263 486 4318 laiac
503 4265 625 4320 maiorem
643 4265 741 4333 afferri
757 4263 801 4322 ed.
820 4263 898 4336 Spin.
923 4263 984 4319 ideo
1000 4279 1077 4318 ariao
1094 4277 1145 4314 aaa
1162 4267 1285 4312 asam
1300 4249 1361 4314 itm
