2854 4788
161 223 335 316 lemur
354 247 510 318 xnvm
530 247 656 343 xum
681 247 738 333 (s.
751 245 792 316 u.
807 249 880 320 ete.
903 249 945 318 s.
960 251 1096 334 cont
1176 251 1240 324 ar

18 419 142 480 mnsam
168 417 224 480 sni
250 417 454 502 principiam
473 418 561 482 tenti
574 419 741 488 iacinctis
762 419 981 503 capessirere.
1024 419 1113 486 Nam
1139 419 1238 486 Scae-

19 503 98 564 rino
121 497 285 565 dissolute
304 501 389 564 luxu
406 521 497 566 mens
510 511 545 566 et
556 503 700 586 proinde
719 504 792 567 vita
808 521 926 567 somno
937 505 1112 592 languide3
1133 505 1239 571 Quin·

19 587 129 648 tianus
150 583 467 665 mollitiacorporis
488 586 620 650 infamis
641 595 676 651 et
696 607 717 650 a
735 585 872 652 Nerone
897 586 1063 674 probrose
1090 592 1239 656 carmine

21 667 209 732 diffamatus
231 669 445 732 contumelias
467 669 576 734 ultum
596 669 676 736 ibat.

88 773 116 826 1.
136 767 243 822 laitiraa
254 768 438 824 coniurationi
447 801 479 814 -
490 769 544 838 seit
555 767 634 827 MSS.
641 769 746 826 ilaris
755 787 795 826 m.
804 789 860 828 sec.
871 770 925 828 ies.
935 791 951 827 a
962 791 1001 829 m.
1010 789 1056 846 pr.
1064 771 1161 829 Gaelt.
1171 792 1188 828 a
1197 789 1237 828 m.

19 859 62 912 pr.
79 839 150 896 Bud.
170 839 234 897 cdd.
252 843 314 896 rut.
334 846 360 898 1.
378 845 404 898 2.
423 841 489 897 Ber.
508 841 558 910 (ad
576 861 663 916 φιιιιι
681 843 766 898 siluit
781 844 872 913 Vict.)
890 844 981 901 aben.
996 851 1020 903 1.
1032 849 1058 904 ².
1072 850 1098 904 S·
1111 863 1173 917 sqq.
1192 845 1238 900 cf.

20 915 83 968 ind.
100 913 155 970 111.
174 932 202 968 v.
222 912 339 967 Datioas
356 915 512 968 obiectione.
549 915 750 970 comissationis
770 914 849 971 MSS.
867 916 949 973 Harl.
972 925 1002 972 et
1018 919 1073 974 Ias.
1095 935 1112 972 a
1133 934 1173 973 m.
1190 935 1238 1040 pr.
1331 940 1335 952 ¹

20 985 119 1040 Gnelt.
138 1005 154 1040 a
170 1003 211 1040 m.
230 1001 286 1040 sec.
304 985 377 1063 Reg.
396 985 481 1042 Gor-b.
499 983 571 1062 Agr.
591 986 635 1042 ed.
650 987 731 1059 'Spin
750 1013 784 1028 -
819 1003 872 1041 aon
894 1005 913 1042 a
935 990 1060 1057 cupitline
1082 987 1169 1059 ipsias
1214 989 1241 1041 i-

20 1059 109 1124 sonis,
139 1057 190 1112 sed
212 1059 361 1124 stimme,
388 1058 424 1112 de
448 1073 506 1122 auo
529 1076 559 1114 v.
579 1063 624 1124 11,
642 1063 686 1116 aa.
722 1059 944 1128 amittentes,
962 1062 1043 1117 Flor.
1069 1059 1153 1128 (test.
1180 1061 1241 1120 tac.

20 1132 110 1186 Gran.
131 1137 161 1184 et
176 1129 269 1196 viat)
285 1127 357 1184 llud.
376 1129 475 1185 Gueli.
494 1129 565 1206 Agr.
590 1131 653 1185 edd.
672 1129 749 1202 Spir.
773 1131 830 1186 Iac.
852 1134 944 1190 cren.
966 1134 1041 1189 Era.
1066 1147 1128 1256 cipp.
1164 1131 1240 1199 caspi-

20 1202 107 1254 ditate
126 1200 190 1256 edd.
212 1199 268 1256 rel.
298 1201 464 1271 „Cupiditas
485 1201 549 1256 lere
572 1202 607 1257 de
630 1201 793 1257 minoribus
815 1211 846 1258 et
891 1206 1005 1272 rivalis,
1034 1211 1069 1258 ut
1122 1207 1175 1271 .1,
1194 1203 1239 1259 8³.

19 1273 115 1340 sapido
134 1272 169 1326 de
225 1274 318 1326 tentia
335 1281 366 1326 et
384 1273 521 1344 imperio,
539 1281 573 1328 ut
590 1278 617 1340 l,
636 1278 680 1330 la.
699 1277 745 1339 15,
763 1277 806 1331 63.
844 1275 859 1329 l
901 1277 1012 1348 optime
1033 1283 1117 1348 patet
1140 1292 1177 1330 ex
1194 1273 1241 1329 di·
1299 1273 1303 1281 '

20 1345 89 1398 vino
108 1343 165 1398 illo
213 1345 269 1408 .2,
285 1343 351 1402 3814
376 1343 436 1398 iac.
456 1345 538 1398 Gran.
572 1345 685 1400 Eedan
701 1345 876 1416 plerumque
893 1365 979 1402 sensu
996 1353 1185 1419 usurpantur.
1205 1375 1240 1390 -·

17 1417 131 1482 prim·
149 1417 182 1468 in
200 1415 257 1470 MS.
276 1415 375 1500 Guelf.
391 1416 536 1482 mmmm.
555 1445 590 1506 7
622 1418 747 1508 Sabrina
764 1417 886 1472 Martiam
902 1425 931 1472 et
949 1418 1096 1487 Sulpicium
1113 1419 1241 1487 Asprum,

17 1484 366 1616 tricarici.
382 1489 644 1628 imita
662 1488 1240 1631 immittite-..tt

18 1631 119 1684 Flauus
136 1637 169 1685 et
185 1630 274 1684 maes.
294 1663 330 1677 -
366 1632 522 1688 constantia
538 1630 638 1700 exitas,
656 1653 685 1689 v.
703 1633 739 1687 ad
756 1635 785 1702 l,
801 1625 847 1701 83,
866 1639 892 1692 3.
913 1644 942 1689 et
959 1638 988 1700 2,
1006 1635 1052 1700 ll,
1069 1639 1094 1692 l.
1113 1638 1264 1686 cenetam.

17 1704 73 1756 tiae
90 1703 183 1756 enims
200 1700 245 1756 ed.
264 1701 342 1774 Spir.
361 1733 396 1746 -
430 1701 527 1756 vivida
547 1704 613 1756 adia
636 1704 761 1773 intulere,
787 1706 824 1760 ad
841 1707 1073 1760 coniurationem
1097 1705 1244 1774 attulerat

18 1775 81 1832 lira.
101 1804 138 1818 -
168 1773 265 1839 trunam
282 1774 426 1827 carminata
443 1775 502 1827 eiae
517 1776 654 1841 premebat
665 1775 741 1830 Nero
756 1777 985 1845 prohibueratque
1002 1781 1138 1831 ostentare
1154 1789 1242 1828 annm

17 1844 222 1898 assimulatione
238 1841 289 1899 vel
305 1845 402 1915 potius
420 1845 630 1912 assimilatione,
652 1865 684 1902 v.
702 1847 738 1900 ad
758 1853 783 1915 l,
801 1851 846 1912 28,
863 1852 890 1905 2.
927 1845 1171 1920 „Quinquennali
1193 1846 1242 1898 lu-

16 1918 107 1984 dicro,
168 1934 218 1970 um
237 1915 385 1986 Orpheum
401 1917 482 1972 Nero
500 1925 530 1970 et
548 1915 680 1971 Lucanus
697 1919 878 1982 recitassent,
896 1918 948 1972 hic
966 1927 1120 1972 coronatus
1140 1925 1191 1972 est.
1210 1933 1239 1970 v.

17 1987 88 2042 Stat.
148 1986 201 2042 ilv.
232 1990 260 2052 2,
296 1989 323 2053 7,
355 1991 391 2048 68
416 2002 477 2054 sqq.
524 1985 559 2041 td
582 2005 669 2063 aegre
697 1989 771 2043 tulit
799 1989 955 2061 Princeps,
993 1991 1046 2060 qui
1076 1987 1241 2042 carminum

16 2057 169 2112 affectabm
194 2057 334 2113 studium.
363 2075 391 2111 v.
416 2061 460 2124 13,
484 2061 511 2114 ³.
536 2059 581 2124 tt,
605 2062 648 2115 16.
672 2060 717 2126 16,
740 2063 767 2115 l.
809 2059 890 2115 Idem
912 2069 1009 2114 temen
1033 2061 1150 2112 Lucano
1196 2064 1241 2112 ost

15 2139 143 2183 monem
161 2129 269 2183 tamam
286 2143 346 2182 neu
363 2128 480 2194 invidit,
498 2125 528 2182 1ι.
548 2145 572 2184 e.
591 2130 722 2184 carmina
740 2131 801 2186 eins
819 2130 880 2207 legi
900 2138 929 2184 et
946 2131 993 2185 edi
1009 2129 1154 2202 permisit.
1206 2142 1242 2184 oc

16 2201 81 2252 mult
100 2199 258 2272 inscriptio
279 2207 362 2254 vetus
386 2217 431 2269 ap.
451 2199 571 2256 Gruter.
595 2217 626 2273 p.
644 2203 707 2269 ³⁵4,
730 2205 757 2260 1.
790 2203 834 2256 M.
861 2201 975 2256 Annaeo
998 2203 1108 2258 Lucano
1133 2201 1243 2256 Gordse

14 2270 93 2324 baasi
107 2277 206 2338 poetam
224 2270 353 2336 beneficio
369 2270 491 2325 Neronis
509 2273 584 2338 fama
601 2273 744 2328 οενυατα.α
762 2272 839 2342 Lipe.
853 2301 883 2312 -
909 2280 1056 2342 ostentare,
1075 2273 1240 2336 ostendere,

15 2344 78 2397 ie.
95 2343 233 2408 recitare,
253 2341 353 2407 edere;
372 2341 439 2396 Erti.
459 2369 492 2380 —
528 2359 613 2398 canas
631 2343 830 2398 assimilatione
852 2343 930 2401 MSS.
956 2354 986 2400 et
1008 2345 1072 2402 edd.
1097 2353 1155 2400 vet.
1182 2343 1242 2400 nisi

15 2413 184 2484 quoduam
202 2413 405 2468 assimulatione
424 2421 467 2469 est
485 2414 517 2468 in
534 2413 591 2469 MS.
610 2415 697 2469 Fara.
717 2433 802 2470 vanas
820 2431 838 2468 a
855 2418 1027 2471 simulatione
1045 2419 1077 2471 in
1095 2416 1153 2471 MS.
1167 2416 1208 2470 lle
1232 2457 1240 2471 .

14 2493 42 2538 et
59 2484 198 2537 vanitatis
213 2483 413 2537 insimulatione
431 2485 463 2538 in
481 2483 537 2540 MS.
554 2487 580 2538 A
602 2503 627 2540 r.
645 2501 730 2538 uanae
747 2488 923 2540 aemulatione
941 2489 973 2540 in
992 2487 1053 2543 cdd.
1066 2488 1129 2558 Bip.
1143 2434 1239 2544 Obesi.

15 2557 89 2611 Ldn.
108 2553 200 2610 Bekk.
219 2555 324 2610 Kiessl.
342 2555 414 2610 Ritt.
426 2571 470 2610 'ex
488 2574 572 2611 emen
593 2597 600 2611 .
619 2555 722 2627 Lipsii.
758 2556 811 2624 „ld
828 2558 1063 2628 interpretantur
1080 2577 1142 2612 aus
1167 2562 1241 2615 eit·

16 2629 72 2682 ler
96 2627 148 2686 ael
164 2624 403 2691 irnohtloser
423 2626 651 2684 Eiiersacbt.
687 2627 809 2683 Attum
827 2629 973 2682 debuisset
990 2629 1079 2684 scribi
1103 2645 1175 2683 vana
1192 2643 1240 2684 ae-

14 2701 169 2766 mulatione,
199 2697 277 2770 quod
298 2699 430 2770 placebat
453 2700 560 2756 Ursino
583 2708 614 2755 et
637 2699 772 2755 Freinsb.
797 2699 847 2754 sed
874 2699 909 2754 ab
931 2699 961 2754 h.
979 2700 1001 2755 1.
1031 2701 1161 2756 alienum
1185 2709 1238 2758 est.
1336 2741 1344 2766 ,

14 2773 102 2826 Vetus
123 2770 272 2856 scriptura
289 2769 363 2856 bono
382 2789 469 2826 sensu
486 2772 602 2847 gaudet.
643 2773 736 2826 Vanae
760 2773 880 2836 dicitur,
909 2773 961 2854 qui
983 2770 1060 2854 levia
1086 2781 1116 2828 et
1139 2773 1240 2858 inania

12 2841 373 2970 titttlttitztt
392 2841 1091 2984 ‘ittttiiititi’itiiitjltiiti
1108 2844 1239 2972 iiiii

15 2987 58 3042 Cf.
78 2988 298 3052 4,5e.1t‚1⁷.
335 2985 396 3038 lam
413 3001 499 3039 uanas
516 2986 712 3040 assimilatione
729 2988 808 3041 Nero
833 2985 952 3050 dicitur,
982 2985 1032 3052 qui
1058 3005 1091 3041 ea
1109 2987 1238 3042 vanitate

12 3067 159 3126 uteretur,
177 3064 212 3110 ut
229 3057 339 3112 Lucani
358 3059 489 3112 carmina
511 3059 673 3113 assimilare
697 3059 797 3114 vellet.
833 3058 983 3112 Nimirum
1007 3065 1130 3127 uterque
1152 3065 1239 3130 poeta

13 3128 145 3185 eiusdem
164 3132 282 3205 generis
302 3137 332 3184 et
354 3129 494 3182 materiae
519 3131 649 3184 ammius
672 3129 873 3202 componebat,
903 3129 1052 3201 Orpheum
1076 3131 1174 3196 illum,
1203 3128 1239 3186 de

12 3218 69 3270 quo
88 3221 119 3254 v.
139 3197 213 3255 Stat.
231 3198 253 3254 l.
270 3201 291 3254 l.
333 3201 425 3255 Vanae
442 3209 540 3255 autem
554 3209 714 3326 propterea
731 3201 823 3268 audit,
847 3201 916 3268 quia
934 3219 1042 3257 vanum
1062 3201 1238 3268 irritumque

12 3273 90 3327 illud
109 3271 239 3326 studium
256 3272 348 3326 fuit.“
366 3271 472 3326 Walm.
508 3273 552 3327 Ea
574 3290 620 3326 em
638 3273 844 3344 interpretatio
862 3273 961 3343 lipsio
985 3273 1017 3326 in
1040 3281 1169 3328 mentem
1187 3291 1239 3328 ve·

12 3346 68 3410 nit,
88 3343 142 3398 sed
158 3357 218 3396 non
236 3345 357 3414 placuit.
394 3344 508 3408 „Vanus
526 3343 559 3398 in
578 3360 621 3411 eo,
640 3343 717 3414 quad
737 3343 960 3398 similitudinem
979 3344 1039 3398 suis
1059 3362 1120 3399 esse
1139 3345 1240 3400 crede-

10 3415 58 3468 bat
83 3413 254 3486 hucanique
278 3411 488 3469 carminibus.“
517 3415 621 3470 derret.
642 3446 674 3458 -
712 3415 844 3469 consulem
874 3415 1058 3480 designatam:
1090 3416 1198 3484 „verba
1221 3434 1239 3471 a

11 3487 150 3541 Bekkero
169 3487 285 3540 uncinis
305 3485 418 3542 inclusa
436 3493 470 3538 ut
488 3487 630 3557 suspecta,
649 3486 717 3556 qaia
733 3487 868 3558 proxime
885 3486 1073 3558 praecedunt.
1101 3487 1239 3542 Attamen

10 3560 112 3626 potuit
131 3575 165 3613 ea
182 3555 301 3612 Tacitus
319 3565 464 3629 repetere,
492 3574 552 3612 non
576 3565 610 3611 ut
626 3557 754 3624 doceret,
777 3559 954 3613 Lateranum
976 3557 1068 3614 tuisse
1087 3559 1238 3614 consulem

11 3629 210 3708 designatum,
230 3645 316 3701 quun
332 3629 442 3701 potius,
461 3629 657 3683 mirationem
674 3629 812 3685 redderet
828 3631 862 3685 ds
882 3646 926 3695 eo,
946 3629 1023 3696 quod
1041 3629 1128 3686 dicit:
1150 3629 1237 3684 tate-

11 3717 106 3754 mum
124 3701 201 3754 utta
218 3699 333 3768 iniuria,
350 3703 499 3768 (tanquam
516 3700 631 3767 propria
643 3701 737 3762 caasa)
755 3701 804 3754 sed
821 3717 895 3755 amor
911 3700 1089 3770 reipublicae
1108 3702 1237 3756 sociaoit.
1271 3759 1274 3768 ,

12 3771 86 3857 lie-m
113 3773 140 3826 si
167 3772 269 3858 cpnsul
294 3771 461 3849 designatus
488 3772 559 3857 iuit,
593 3771 693 3858 debuit
716 3771 842 3858 Meronis
865 3773 959 3850 gratie
991 3775 1088 3859 potius
1110 3773 1236 3898 pollere,

13 3859 193 3969 ‘titiam
210 3843 1150 3986 {sittimimmittitis?,tt;t“¹:l..l²t3.⁵²it
1165 3862 1238 3970 iili

12 3933 127 4053 duoque
147 3953 209 4040 eius
228 3988 343 4063 geumis
362 3987 551 4058 repetitiones
570 3993 640 4041 sunt
657 3994 687 4040 et
706 3987 785 4040 infra
803 4003 828 4039 c.
847 3987 890 4043 6⁰.
918 3959 1026 4040 iterum
1050 3995 1094 4042 est
1111 3987 1237 4042 Plautiae

12 4059 169 4112 hierenae
198 4060 290 4111 consul
317 4057 510 4126 designatae.“
542 4055 649 4114 Watm.
688 4055 734 4111 Oi.
759 4058 795 4115 ad
817 4061 862 4122 lt,
883 4061 930 4124 tt,
949 4061 974 4114 2.
998 4065 1028 4112 et
1052 4057 1115 4114 lud.
1133 4057 1187 4112 111.
1205 4074 1234 4112 v.

12 4129 109 4184 verae
126 4129 246 4196 repetita
263 4145 293 4200 p.
312 4132 372 4188 837.
411 4131 574 4185 Lateranum
597 4127 730 4182 consulem
752 4129 925 4194 deeignatam
952 4143 1041 4183 amore
1057 4145 1081 4187 r.
1099 4145 1128 4199 p.
1147 4129 1235 4181 socia-

10 4201 49 4252 rit
66 4199 114 4256 ed.
134 4197 214 4270 Spir.
251 4216 340 4254 amare
364 4201 453 4257 etiam
476 4198 532 4255 MS.
557 4201 638 4255 Flor.
663 4206 738 4254 teste
755 4199 854 4268 Furia,
879 4201 930 4267 qui
952 4207 1050 4256 nmen
1072 4219 1131 4256 nen
1150 4199 1234 4266 dixit,

9 4281 114 4324 nti-nm
141 4273 175 4325 in
197 4268 255 4326 hoc
276 4272 349 4341 cod,
376 4280 410 4328 ut
431 4273 463 4328 in
487 4272 530 4329 ed.
551 4270 640 4345 Spin,
661 4272 767 4328 omissa
790 4272 850 4327 sint
869 4273 957 4328 verba
975 4275 1052 4327 natta
1069 4271 1171 4329 iniuria
1189 4266 1245 4326 sed'

10 4359 63 4398 uec
83 4359 132 4398 ΕΘ.

1309 155 1318 188 l
