2878 4802
234 251 380 320 curor
400 249 525 318 uxos
546 250 652 318 Lxx.
681 249 735 334 (s.
752 249 792 318 u.
807 251 879 320 ou.
906 247 997 340 ec.
1013 251 1081 333 os.)
1132 241 1136 255 ·
1194 215 1268 320 'tm

42 417 296 492 inexpugnabilem
318 421 392 490 fore,
422 427 453 478 et
469 419 534 482 hir.
552 420 580 486 6,
600 421 635 478 19
656 435 705 494 pr.
727 415 763 475 de
787 393 998 476 domo‘Manlii
1021 419 1054 474 in
1077 435 1145 474 erce
1161 419 1268 492 posite,

43 501 229 620 ertit.
243 511 310 620 ‘¹1¹3'
312 495 484 619 Sitit}
501 491 643 617 ‘Mtte
672 491 917 618 memo.
931 491 1025 617 41.ἓὲ
1041 489 1269 619 Metti

44 581 168 704 referet
185 609 260 690 uelut
279 601 497 691 arceretue'ots'.
517 583 614 690 (iuste.
641 581 680 674 -P
701 577 859 706 terciaque
869 579 999 689 mm
1024 639 1052 690 et
1068 634 1139 706 peri
1161 600 1267 707 ueiote,

43 725 73 760 v·
96 709 194 780 Lipsii
210 709 282 766 Exn.
302 709 342 764 ll.
362 707 399 761 ud
415 706 484 761 Tac.
503 709 578 762 Anu.
597 708 656 760 XV.
675 714 703 761 et
722 707 803 760 deest
820 709 851 761 iu
869 707 926 762 MS.
945 706 1016 762 Bud.
1125 709 1126 721 ¹

119 781 149 835 2.
168 780 267 844 munia
284 779 407 834 conculis
424 780 598 848 impleverat,
637 797 689 833 une
706 779 828 832 alternis
841 779 941 832 diebus
953 777 1165 849 implebantur3
1183 780 1266 834 Brut.

43 881 80 895 ·-
109 851 317 922 conviviumque
340 851 494 905 celebrabat
510 851 597 908 MSS.
647 849 703 906 lor.
732 849 822 916 (teste
847 849 941 915 Pioh.)
968 850 1069 904 Gueli.
1096 851 1157 905 edd.
1188 851 1266 922 Spir.

43 920 131 978 Pich.
153 942 166 975 s
187 941 214 994 q.
253 923 309 979 Sed
327 924 482 976 convivium
499 922 619 977 celebret
638 939 653 976 e
671 919 729 980 MS.
748 921 829 978 Flor.
849 923 978 976 enotavit
995 923 1070 976 Vict.
1098 923 1269 977 convivium-

45 1011 103 1062 que
122 941 201 1050 MSS.
220 995 357 1052 Broterii.
384 995 539 1048 convivium
557 993 620 1049 edd.
639 995 701 1048 Put.
722 997 748 1048 1.
768 997 796 1050 2.
816 1011 880 1064 sqq.
908 993 943 1047 od
960 992 1040 1048 Pich.
1057 995 1178 1050 celebrat
1207 994 1265 1049 MS.

44 1066 122 1122 Bud.
149 1066 212 1122 edd.
236 1067 329 1121 Rheri.
348 1069 374 1122 2.
392 1069 421 1122 3.
446 1065 511 1122 Ale.
543 1067 697 1120 celebrarat
720 1063 778 1119 MS.
804 1065 885 1121 Bodl.
917 1065 980 1122 edd.
1007 1066 1070 1118 Put.
1096 1071 1120 1120 1.
1145 1068 1173 1122 2.
1200 1066 1266 1120 Ber.

44 1135 148 1190 Rhen.
171 1142 194 1194 1.
231 1137 323 1193 Male:
349 1155 416 1191 nem
441 1138 575 1208 sequitur
597 1135 726 1204 exsurgit
754 1135 818 1192 scil.
845 1150 861 1190 e
884 1136 1037 1204 conviri03
1061 1137 1130 1191 Erre.
1166 1137 1268 1205 „Haec
1313 1181 1317 1187 .
1435 1147 1436 1150 ’

44 1217 150 1262 tumen
169 1209 255 1263 lectio
274 1227 333 1263 non
352 1217 397 1263 est
414 1209 612 1280 improbanda,
632 1210 658 1264 si
681 1208 838 1262 convivium
862 1208 1005 1262 celebrere
1029 1209 1176 1286 significet
1199 1225 1268 1264 con·

46 1281 168 1333 virium
192 1281 307 1337 celebre
331 1280 496 1346 instituere,
519 1289 553 1333 ut
570 1285 615 1346 16,
641 1283 686 1338 34.
716 1287 812 1334 coetus
837 1280 994 1349 frequenter
1018 1288 1124 1349 egerat.
1166 1281 1267 1350 Neque

44 1359 197 1428 repugnat
214 1352 295 1406 locus
314 1356 341 1418 4,
360 1355 404 1408 53.
433 1351 552 1422 ubique·
569 1352 725 1406 convivium
742 1351 917 1405 celebrabunt
936 1360 1004 1405 sunt
1014 1353 1101 1406 multi
1116 1353 1267 1418 convivae,

46 1423 103 1493 qui
122 1423 257 1477 convivio
274 1423 423 1478 ederent.“
441 1423 547 1480 Kiecel.
568 1423 613 1478 Cf.
632 1423 668 1478 ed
685 1427 713 1490 4,
731 1427 778 1490 62,
798 1428 822 1480 l.
849 1449 882 1462 —
901 1439 939 1476 ou
958 1422 1163 1478 dissimulando
1181 1429 1267 1490 metu,

45 1513 77 1548 v.
99 1494 136 1547 ud
156 1499 199 1560 11,
218 1497 263 1560 32,
284 1500 308 1550 1.
336 1510 373 1547 an
391 1495 596 1549 dissimulando
614 1495 691 1550 MSS.
711 1495 794 1560 Elor.
815 1493 901 1560 (teste
918 1494 1007 1562 Vict.)
1023 1495 1094 1549 Bud.
1114 1496 1177 1550 edd.
1189 1495 1267 1568 Spir.

45 1564 146 1620 Rhen.
165 1569 191 1620 2.
212 1569 230 1622 3
248 1585 312 1637 sqq.
332 1572 381 1619 aut
399 1567 603 1622 dissimulando
621 1565 678 1623 MS.
697 1565 780 1621 Bodl.
800 1564 861 1622 edd.
881 1567 944 1622 Put.
967 1572 989 1622 1.
1009 1570 1036 1624 2.
1056 1567 1121 1622 Ber.
1140 1566 1266 1622 Rhenl.

45 1643 79 1688 ut
98 1637 308 1692 dissimulando
326 1638 382 1692 MS.
402 1639 457 1693 les.
483 1645 514 1691 ut
532 1639 713 1694 dissimulato
731 1637 790 1692 MS.
809 1639 906 1693 Guelf.
934 1669 968 1681 -
993 1637 1069 1692 sitit
1094 1640 1267 1706 doctoratus,

47 1712 90 1762 cr.
110 1708 175 1765 ind.
194 1709 247 1762 111.
266 1727 293 1762 r.
313 1708 477 1780 Participe'a
493 1714 566 1780 perf.
585 1711 729 1766 verborum
747 1711 889 1778 deponeret,
909 1710 1052 1766 -tetreo
1069 1709 1201 1778 infertur,
1219 1725 1268 1762 ca-

46 1781 114 1834 tide
132 1796 206 1851 equa
223 1788 375 1848 mereatur,
394 1799 422 1839 r.
443 1779 478 1835 ad
496 1800 557 1854 cap.
578 1786 623 1840 64.
651 1801 681 1836 n.
701 1786 727 1839 3.
767 1815 798 1826 -
823 1782 1023 1836 miseraretur:
1056 1783 1088 1835 in
1113 1780 1170 1835 MS.
1195 1779 1266 1836 Bud.

44 1855 240 1906 misereretur.
260 1885 294 1897 -
313 1870 364 1907 nec
380 1853 438 1916 nist
453 1861 583 1922 prouecta
600 1861 678 1908 noete
697 1853 737 1920 (r.
756 1854 793 1908 nd
809 1857 838 1919 2,
855 1855 900 1920 23,
919 1855 960 1919 1.)
979 1853 1080 1907 omissi
1096 1860 1160 1905 eunt
1182 1871 1198 1908 e
1217 1869 1268 1906 cu·

46 1924 191 1980 stodibus.
216 1925 317 1978 omissi
334 1923 411 1982 MSS.
430 1925 510 1984 Flor.
529 1927 611 1980 Harl.
629 1925 710 1982 Bou.
729 1926 784 1982 les.
804 1925 905 1980 Gueli.
934 1925 996 1980 ede.
1014 1925 1077 1982 Put.
1097 1929 1122 1982 l.
1141 1926 1167 1980 2.
1192 1924 1265 1977 Ern.

45 2015 112 2068 sqq.
133 1995 231 2050 eruisse·
249 1997 305 2052 MS.
325 1996 395 2121 Reg'.
422 1998 484 2056 edd.
505 1997 583 2071 Spir.
608 1997 672 2052 Ber.
691 1995 786 2051 Rhen.
805 2001 832 2054 l.
852 2001 877 2054 2.
897 2001 924 2052 3.
945 2015 1006 2069 sqq.
1032 1997 1068 2052 ed
1091 1995 1164 2050 Ern.
1190 1993 1269 2066 quod
1301 2019 1305 2026 =

44 2069 145 2139 aptius
164 2068 281 2122 ridetur
297 2068 379 2124 Kiess
395 2070 483 2144 ingio.
504 2071 610 2124 omissa
628 2069 685 2124 MS.
705 2067 775 2122 Bud.
795 2069 953 2136 „omittere
970 2068 1091 2140 proprie
1110 2075 1153 2121 est
1166 2067 1267 2123 Germ.

47 2149 165 2194 etwas
184 2157 228 2192 eu
247 2138 329 2194 sich
346 2141 478 2196 rorbei
496 2141 639 2208 lescen,
658 2139 751 2196 ohne
770 2159 806 2196 es
825 2142 863 2196 in
881 2141 1010 2196 Besitz
1029 2158 1072 2193 zu
1089 2138 1263 2204 nehmen,
1303 2177 1306 2186 .

47 2218 153 2264 contre
178 2211 308 2264 omittere
332 2219 377 2266 est
407 2219 519 2268 etwas
544 2231 606 2267 eus
631 2213 696 2268 der
719 2212 821 2268 Haud
843 2212 986 2280 lassen,
1013 2229 1085 2268 wer
1109 2228 1189 2263 man
1206 2207 1270 2264 be-

45 2283 148 2336 reits
167 2284 206 2336 in
224 2283 353 2336 Besite
371 2282 485 2338 hatte.
524 2283 689 2339 omittimus
705 2285 838 2340 volentes
858 2292 888 2338 et
907 2293 1019 2356 sponte,
1045 2282 1204 2336 amittimus
1222 2281 1269 2335 in·

45 2355 107 2407 riti
127 2361 157 2408 et
175 2354 269 2406 casu.“
289 2353 420 2410 Doederl.
440 2354 549 2426 Synon.
568 2357 670 2428 111:p.
689 2358 752 2414 285;
772 2356 816 2412 ct.
837 2354 874 2410 ed
889 2358 917 2422 3,
937 2359 982 2422 47,
1002 2360 1027 2411 1.
1056 2387 1090 2398 —
1115 2370 1150 2408 ee
1173 2367 1269 2407 mensu

46 2425 170 2477 exitium
183 2425 397 2494 opperiendum,
415 2435 539 2499 propter
553 2429 723 2482 convivium
741 2427 879 2493 consulis,
899 2428 947 2480 cui
959 2426 1111 2480 affuerant.
1130 2439 1270 2480 exemeron

45 2495 172 2549 exitium
190 2513 232 2564 op.
253 2494 314 2550 edd.
335 2498 457 2573 Berneg.
477 2516 540 2569 sqq.
561 2517 597 2553 ex
615 2517 685 2576 egre
707 2501 734 2553 ie
753 2496 864 2552 emend.
885 2497 989 2551 Frenc.
1007 2495 1133 2551 Medicis.
1154 2502 1181 2549 et
1194 2512 1269 2550 meu·

46 2585 99 2620 eae
127 2568 249 2621 exitium
266 2566 347 2622 MSS.
367 2568 446 2628 Flor.
468 2569 564 2624 Guelf.
582 2571 653 2646 Agr.
680 2518 800 2640 agliique,
829 2567 893 2622 edd.
919 2567 996 2639 Spir.
1021 2567 1086 2621 Put.
1106 2573 1130 2622 1.
1150 2571 1177 2624 2.
1201 2567 1269 2622 Ber.

46 2637 143 2694 Rhen.
165 2645 190 2695 l.
208 2640 240 2694 ἐπι
257 2657 351 2694 meree
368 2637 425 2697 MS.
445 2641 514 2696 Bud.
544 2641 621 2695 unde
645 2642 795 2695 imminere
818 2639 938 2694 exitium
962 2639 1079 2692 effinxit
1104 2636 1269 2706 Rhenanus,
1317 2669 1320 2685 .

47 2729 137 2782 quem
158 2712 251 2764 secuti
270 2707 337 2764 sunt
354 2710 419 2764 Ald-
438 2711 514 2782 Lips.
536 2711 615 2766 Pich.
635 2711 719 2766 Grut.
747 2711 850 2767 exitum
874 2709 933 2764 MS.
954 2709 1038 2766 corb.
1067 2709 1271 2778 opperientium

46 2782 517 2926 correctricem
533 2779 1290 2926 tero..arescereeu.‘

47 2927 199 2990 serratim
217 2942 272 2979 nec
290 2925 447 3000 quicquum
464 2928 626 3002 perfectius
643 2928 835 2999 numerisque
848 2925 982 2980 omnibus
997 2922 1155 2980 absolutius
1167 2921 1269 3000 legere
1362 2927 1368 2939 “

48 2996 209 3054 memini.“
231 2997 314 3054 Brut.

424 3163 427 3169 ,
498 3121 694 3182 uAPU't
726 3123 825 3180 Lxx.

135 3229 219 3291 Exin
254 3229 454 3296 M.‘Annuei
486 3230 615 3296 Luceni
652 3231 785 3298 caedem
818 3233 972 3318 imperat.
1019 3229 1052 3293 ls
1084 3229 1270 3313 profluente

48 3316 225 3398 sunguine,
259 3315 319 3377 ubi
341 3317 522 3402 frigescere
541 3314 641 3400 pedes
662 3336 843 3400 manusque
865 3309 899 3380 et'
918 3315 1079 3399 paulatim
1100 3315 1141 3378 ab
1162 3321 1271 3375 extre·

47 3399 115 3459 mis
137 3395 256 3459 cedere
277 3400 445 3481 spiritum,
472 3397 603 3462 fervido
624 3398 732 3462 adhuc
754 3408 788 3462 et
809 3407 962 3481 compoto
983 3399 1104 3460 mentis
1122 3405 1271 3481 pectore,

47 3479 225 3565 intelligit,
248 3480 446 3543 recordatus
464 3501 603 3546 carmen
623 3501 642 3544 u
664 3503 700 3544 se
720 3485 952 3566 compositum,
974 3502 1038 3564 quo
1056 3480 1271 3542 vulneratum

47 3565 194 3625 militem
215 3583 277 3647 per
299 3565 463 3628 eiusmodi
485 3568 604 3628 mortis
626 3567 804 3652 imaginem
826 3566 948 3630 obiisse
969 3563 1165 3638 tradiderat,
1193 3581 1272 3629 vore

48 3667 108 3708 sus
129 3647 220 3728 ipsos
242 3649 378 3724 retulit3
410 3669 513 3734 eaque
539 3650 592 3709 itti
620 3667 777 3732 suprema
804 3669 870 3712 vox
899 3649 975 3717 suit,
1017 3647 1158 3710 Senecio
1180 3651 1271 3726 post·

47 3729 114 3792 hac
144 3737 177 3790 et
204 3728 403 3792 Quintianus
425 3741 460 3794 et
486 3731 668 3794 Scaevinus
694 3752 762 3795 non
795 3750 836 3792 ex
855 3733 971 3814 priore
997 3732 1089 3795 vitoe
1117 3729 1272 3805 mollitie,

47 3833 130 3874 mox
155 3811 277 3896 reliqui
291 3815 553 3894 ‘coniuratorum
584 3817 718 3898 periero
746 3815 840 3876 nullo
868 3818 957 3877 fectu
990 3811 1122 3876 dictove
1149 3829 1272 3878 memo.
1329 3801 1331 3808 ’
1382 3855 1387 3866 1

48 3891 169 3960 raudo.

123 3981 148 4032 1.
168 3977 244 4032 Exin
261 3977 306 4032 Μ.
325 3978 439 4034 Annaei
456 3978 565 4034 Luceni
589 3976 640 4046 <de
666 3996 724 4050 quo
749 3981 787 4034 cf.
813 3994 875 4104 cup.
894 3981 938 4034 49.
955 3935 1007 4036 ¹56.
1032 3981 1075 4034 5¹1.
1102 3982 1132 4031 et
1150 3978 1195 4044 16,
1214 3975 1271 4036 1⁷.)

48 4045 114 4104 edd.
134 4047 227 4104 Rhen.
247 4051 274 4107 2.
293 4053 321 4106 3.
339 4051 404 4104 Alc.
423 4052 502 4123 lips.
521 4070 583 4123 sqq.
603 4068 639 4106 ex
656 4051 740 4106 felici
759 4067 841 4106 emen
862 4088 869 4101 .
887 4049 1031 4105 Rhenani.
1057 4049 1211 4102 erimusne
1234 4063 1272 4101 nu

49 4127 77 4173 et
95 4121 194 4173 lucani
212 4121 270 4176 MS.
289 4121 370 4178 Flor.
390 4130 464 4178 teste
482 4123 581 4178 Furio.
616 4122 694 4176 Exin
711 4121 848 4177 Menenio
865 4126 892 4176 et
909 4121 1019 4174 Lucem
1036 4121 1080 4177 ed.
1099 4121 1118 4175 S
1141 4121 1177 4172 ir.
1187 4119 1273 4174 Mou-

49 4191 99 4246 ru'o
118 4196 147 4244 et
166 4190 199 4243 1..
218 4191 280 4248 edd.
302 4192 364 4246 Put·
385 4198 411 4250 1.
429 4196 455 4250 2.
474 4195 540 4248 Ber.
560 4188 608 4260 (ud
625 4211 711 4263 quum
729 4188 813 4248 siluit
830 4192 922 4258 Vict.)
940 4193 1034 4247 Rhsu.
1048 4197 1074 4248 1.
1130 4190 1227 4244 onesii
1243 4194 1272 4243 et

49 4263 81 4318 L.
101 4261 163 4314 MS.
182 4262 255 4340 Agr.
272 4264 423 4319 anestt
440 4272 467 4318 et
484 4264 517 4319 1..
536 4263 595 4318 MS.
614 4264 713 4321 Gueli.
732 4284 750 4320 e
766 4283 805 4318 m.
825 4281 883 4319 seo.
892 4265 1003 4330 Mente,
1022 4262 1118 4320 Mami
1135 4270 1165 4316 et
1176 4263 1273 4316 Mome

51 4333 105 4389 alit
123 4331 201 4392 uss,
227 4367 261 4380 -
286 4337 324 4392 oe
345 4336 481 4392 exremis
503 4335 569 4392 soit.
596 4337 729 4410 partibus
747 4337 890 4408 corporis.
916 4367 950 4382 -
977 4323 1133 4404 emetiar:
1157 4334 1191 4390 in
1213 4330 1270 4388 us.
