2854 4788
199 242 342 308 curor
364 243 471 311 nvn.
496 243 619 312 svm.
642 242 695 326 (n.
716 243 756 312 u.
777 247 848 315 ssa.
871 248 911 314 n.
931 247 967 314 c.
990 247 1059 348 es.)
1178 253 1239 318 ur

35 409 107 466 Pieh.
133 427 194 482 sqq.
229 410 363 466 connieeo
390 410 453 468 edd.
479 410 541 464 Put.
566 412 634 468 Bar.
660 411 753 468 Rhen.
774 418 799 469 1.
818 415 846 468 t.
864 417 891 472 3.
915 415 978 472 Ald.
1007 415 1157 472 commissa
1180 420 1237 480 MS.

36 484 126 540 Gueli.
144 481 263 536 connino
281 482 338 539 MS.
357 483 427 536 Bud.
445 482 490 540 cd.
510 481 588 565 Spin.
604 478 652 537 Cf.
670 484 707 539 ad
725 502 787 556 cap.
805 489 849 542 42.
869 493 944 540 extr.
971 520 1005 533 -
1029 491 1164 558 spiritum
1190 509 1239 545 ee-

33 555 129 624 pressit
148 555 271 608 clariore
289 554 414 623 exemplo
441 554 579 608 libes-tenu
605 556 757 609 mulier-
777 556 889 624 ignotos
913 562 1105 629 protegendos
1134 560 1239 633 hypal-

36 627 93 701 lage
117 625 352 696 praedicatorum
400 640 432 678 ro
466 625 572 694 spiritu
606 643 737 694 expresso
765 629 905 698 protesit3
939 630 1104 686 Iiunssboru.
1134 632 1237 688 Gram.

35 717 59 768 p·
77 701 135 754 696.
155 697 200 752 Gi.
219 697 256 750 ad
273 697 343 772 Agr.
361 643 406 753 23.
426 714 454 748 n.
474 701 500 752 1.
537 696 652 774 Insigni
671 697 765 766 laude,
783 701 833 763 ait,
853 701 999 777 dignanda
1016 705 1151 758 libertina
1177 721 1239 760 suu·

36 771 93 836 tier,
112 768 229 838 quaein
247 775 329 822 tanto
346 767 521 834 necessitate,
540 769 627 824 toties
645 786 755 840 pressa,
772 768 878 841 (quum
897 773 925 826 ei
943 781 1022 827 tanta
1033 767 1238 831 visaclbibere·

36 849 91 904 tur,
110 841 175 893 Ern.
196 842 233 892 ci.
253 840 289 892 ad
306 843 333 904 2,
351 842 378 903 9,
397 839 436 902 3.)
455 847 623 896 constanter
641 841 770 894 iudicare
788 843 921 897 abnuerit
937 847 1085 914 conscios3
1104 845 1183 914 Lips.
1204 879 1238 891 --

35 912 129 965 intueti
148 913 294 967 lemmatis
312 919 390 964 recte
408 910 486 967 MSS·
507 911 594 966 Fara.
614 911 697 967 Gorb.
716 913 798 972 Harl.
818 915 849 966 in
867 931 958 991 marg.
978 915 1049 992 Agr.
1076 917 1138 974 edd.
1158 919 1236 988 Iiips.

35 1003 90 1054 sqq.
114 985 236 1037 intactis
254 981 399 1036 temnentis
417 981 494 1038 MSS.
513 981 592 1038 Flor.
611 984 673 1036 Vat.
693 983 787 1054 Lipsii
805 986 848 1040 ed.
868 983 945 1058 Spir.
964 985 995 1041 iu
1014 989 1103 1042 tantis
1115 996 1238 1044 tormen·

35 1057 68 1106 tis
83 1055 158 1112 MSS.
179 1055 259 1108 Harl.
279 1054 360 1108 Bodl.
382 1053 435 1108 Ias.
454 1053 527 1110 Bud.
547 1052 641 1107 Guelr.
661 1055 722 1110 cdd.
738 1056 811 1108 I'ut.
830 1061 855 1111 1.
875 1061 900 1115 2.
921 1077 955 1130 sq
977 1098 982 1109 .
1007 1068 1075 1114 ants
1088 1061 1132 1112 'Isi
1155 1079 1176 1116 s.
1203 1093 1236 1104 -

34 1127 178 1179 carissimu
195 1143 307 1180 sucrum
325 1127 441 1196 quisque
456 1127 603 1193 pigesorsem
621 1125 698 1182 MSS.
717 1126 797 1184 Flor.
818 1129 915 1184 Guelf.
943 1129 1063 1200 s'ique,
1091 1131 1125 1186 ed
1172 1131 1237 1188 rut.

36 1203 56 1252 l.
74 1201 98 1254 2.
117 1199 182 1280 Iler.
201 1198 292 1254 Rhen.
313 1201 337 1252 1.
356 1195 434 1252 rich.
454 1197 531 1280 Lips.
544 1199 732 1278 posteriores¹
746 1206 776 1252 et
794 1217 857 1270 sqq.
873 1201 1033 1255 ‚carissimu
1051 1217 1156 1272 quoque
1174 1219 1237 1256 suo·
1266 1193 1270 1202 ’

34 1265 1237 1414 tt.institit..tltt‘ttttntttttttiniustitiis:

35 1411 74 1464 Cf.
91 1413 125 1466 ad
142 1417 169 1481 6,
189 1416 233 1476 lo,
253 1418 327 1470 l.·et
344 1413 380 1468 ad
398 1413 433 1467 G.
454 1415 479 1466 7.
497 1430 528 1466 n.
547 1415 574 1466 t.
594 1443 626 1456 -
646 1412 824 1470 omittebant:
853 1415 884 1468 in
910 1415 972 1470 edd.
991 1418 1053 1470 Put.
1072 1421 1100 1473 1.
1118 1407 1237 1474 ustinu-

34 1485 128 1536 ietnut.
149 1517 182 1527 -
200 1484 332 1540 Lucanus
350 1517 381 1528 -
401 1491 429 1538 et
449 1482 629 1553 Quintianus,
647 1487 688 1540 ci.
707 1501 769 1558 cap.
787 1490 830 1544 49.
858 1519 891 1532 -
917 1485 1040 1556 Senecio,
1063 1495 1093 1542 ν.
1112 1506 1173 1562 esp.
1192 1493 1236 1549 St.

34 1588 63 1598 -
81 1560 175 1625 megia
193 1560 333 1612 omissum
352 1558 384 1612 in
401 1559 457 1615 MS.
478 1555 564 1614 Gorb.

450 1706 641 1764 CAPUT
680 1708 816 1766 LVIII.

106 1815 195 1882 (tuin
217 1825 252 1880 et
271 1817 400 1897 urbem,
422 1838 483 1900 per
503 1819 688 1900 manipulos
710 1821 878 1902 occupatis
901 1818 1084 1894 moenibus,
1111 1815 1237 1880 insesso

35 1900 125 1961 eiiam
146 1903 233 1982 mari
255 1910 288 1964 et
314 1921 424 1979 amne,
454 1903 549 1966 velut
576 1905 611 1964 in
638 1902 822 1965 custodiam
850 1900 959 1983 dedit3
990 1900 1238 1981 volitabantque

33 2003 88 2062 per
108 1987 192 2058 fora,
225 2003 288 2067 per
307 1984 434 2063 domos,
468 2005 549 2048 rura
570 2005 702 2070 quoque
734 1993 767 2049 et
796 1987 949 2068 proxima
977 1984 1239 2064 municipiorum

34 2066 153 2146 pedites
177 2071 366 2150 equitesque
394 2071 553 2151 permisti
574 2068 761 2147 Germanis,
793 2069 910 2153 quihus
937 2066 1061 2136 fidebat
1078 2067 1254 2146 Princeps*

34 2154 118 2232 quasi
139 2151 312 2214 externis.¹
339 2150 506 2214 Continna
527 2153 605 2216 hino
631 2159 666 2216 et
686 2155 800 2215 iuncta
822 2153 954 2238 agmina
973 2151 1064 2211 trahi
1092 2167 1129 2210 ao
1157 2149 1238 2210 iori-

34 2233 88 2312 bps
109 2235 286 2296 hortorum
310 2233 472 2298 adiacere.
514 2235 622 2319 Atque
642 2236 700 2298 ubi
722 2233 894 2299 dicendam
916 2233 958 2296 ad
980 2253 1111 2308 causam
1132 2232 1240 2293 intro·

32 2319 140 2394 issent,
176 2319 333 2379 laetatum
365 2337 445 2404 erga
470 2320 672 2396 coniuratos,
704 2321 734 2380 si
761 2321 924 2380 fortuitus
952 2335 1061 2379 sermo
1083 2324 1117 2377 et
1136 2315 1240 2378 subiti

33 2420 197 2477 occursus,
220 2403 249 2462 si
270 2403 473 2478 convivium,
493 2406 523 2463 si
543 2402 763 2483 spectaculum
786 2402 883 2463 simul
903 2403 1053 2477 inissent,
1086 2418 1148 2481 pro
1171 2399 1239 2458 cri·
1318 2445 1321 2452 .

33 2485 115 2545 mine
137 2486 256 2565 accipi,
278 2505 378 2567 quum
400 2503 501 2566 super
520 2484 666 2547 Neronis
688 2503 727 2546 ac
747 2483 910 2570 Tigellini
930 2502 1045 2546 saevas
1067 2489 1240 2564 perconta-

33 2571 133 2628 tiones
154 2567 275 2629 Fenius
303 2585 430 2650 quoque
451 2568 556 2629 Rufus
577 2569 743 2630 violenter
764 2575 903 2652 urgeret
922 2564 1071 2626 nondum
1093 2563 1133 2626 ab
1154 2561 1240 2624 indi-

33 2651 119 2714 cibus
141 2652 342 2727 nominatus‚
364 2650 433 2728 sed,
455 2648 639 2732 quotidem
661 2651 814 2712 inscitiae
835 2658 981 2732 pararet,
1004 2657 1102 2708 atrox
1123 2643 1242 2708 advar-

34 2753 82 2793 sus
102 2735 222 2794 socios.
264 2731 355 2802 Ideni
369 2733 491 2796 Subrio
508 2733 620 2796 Flavio
642 2734 809 2796 assistenti
830 2733 1065 2812 annuentique,
1087 2749 1128 2790 un
1149 2731 1240 2790 inter

33 2817 131 2896 ipsam
159 2818 382 2902 cognitionem
416 2815 640 2902 destringeret
671 2815 817 2901 gladium
850 2813 1048 2895 caedemque
1079 2819 1240 2894 patraret,
1353 2859 1355 2862 -

35 2902 140 2962 renuit
160 2903 362 2986 infregitque
382 2901 544 2981 impetum
565 2901 632 2962 iam
654 2919 788 2962 manum
809 2897 851 2960 ad
873 2899 1028 2981 capulum
1050 2895 1240 2982 referentis.

98 3020 122 3071 l.
143 3014 253 3070 insesso
272 3016 415 3070 militibus
432 3016 514 3070 etium
531 3018 607 3070 muri
623 3024 651 3071 et
669 3033 758 3081 amne,
776 3015 886 3071 Tiberi·
905 3047 939 3060 -
965 3014 1108 3069 Continuo
1131 3010 1196 3066 binc
1213 3017 1242 3066 et

34 3087 122 3142 iuncta
142 3089 276 3156 agenita:
295 3086 500 3153 „llicklefsius
519 3089 640 3145 delenda
658 3088 792 3143 censebat
815 3088 903 3142 verba
927 3092 954 3141 et
972 3087 1077 3153 iuncta,
1106 3101 1178 3154 quae
1195 3083 1242 3137 nil

34 3159 184 3214 differrent
202 3178 218 3212 a
235 3159 375 3225 coninua,
400 3160 449 3214 sel
472 3160 628 3236 legendum
652 3161 782 3213 continuo
810 3157 874 3212 ltine
899 3157 995 3214 iuncta
1020 3173 1046 3210 α.
1083 3155 1138 3210 Sed
1163 3154 1241 3210 idem

34 3241 100 3296 tuin,
119 3233 146 3285 si
165 3239 217 3298 est,
236 3232 419 3302 pleonasmus
437 3239 535 3286 manet
553 3239 582 3285 et
599 3231 716 3285 Tacitus
735 3247 794 3284 non
812 3229 902 3284 semel
927 3227 1081 3304 coniungit
1104 3225 1243 3280 vocabula

34 3321 201 3374 synonyma,
219 3312 286 3358 uta
329 3312 374 3356 sat
392 3303 453 3355 vim
471 3301 642 3356 orationis.“
671 3300 777 3356 Wctet.
803 3301 847 3355 Gi·
866 3300 930 3355 Iud.
950 3301 1001 3355 Ill.
1026 3316 1055 3352 v.
1074 3297 1241 3368 Synonprno.

34 3375 197 3428 continuum
216 3382 260 3428 est
278 3390 310 3427 co
333 3392 442 3438 serens,
461 3375 659 3442 coniunctum,
678 3389 737 3428 non
756 3374 964 3444 interruptum,
989 3377 1024 3424 ut
1047 3371 1189 3424 continens
1213 3376 1242 3422 et

32 3453 200 3515 perpetuum.
237 3452 264 3500 et
291 3446 387 3499 uincta
410 3443 466 3502 MS.
490 3445 570 3503 Flor.
589 3450 664 3501 teste
687 3446 784 3500 Furia.
822 3471 856 3484 -
880 3445 989 3511 foribus
1012 3441 1173 3508 hortorum,
1202 3443 1240 3494 ci.

33 3534 55 3571 c.
73 3523 108 3575 55
125 3535 173 3590 pr·
1218 3529 1221 3536 ·

97 3629 126 3683 2.
146 3623 239 3696 Atque
256 3625 305 3679 ubi
323 3625 468 3698 dicentique
486 3623 525 3680 od
542 3640 656 3678 causum
672 3625 835 3680 introissent
854 3641 893 3680 so.
912 3621 969 3685 rei,
989 3623 1126 3688 accusati,
1152 3621 1243 3676 loeta·

33 3702 86 3750 tune
105 3714 168 3751 esse
187 3713 258 3766 erga
276 3697 448 3763 coniuratos,
466 3697 504 3750 iis
522 3698 664 3764 arrisisse,
690 3697 819 3751 laetitiae
837 3697 921 3772 signa
938 3693 1062 3760 dedisse,
1093 3691 1119 3746 si
1138 3695 1242 3760 fortui-

32 3774 73 3822 tus
89 3785 183 3823 sermo
199 3771 303 3824 fuisset
320 3799 354 3811 -
370 3786 423 3839 pro
439 3767 556 3822 crimine
574 3769 674 3838 accipi,
692 3769 899 3840 accipiebatur.
927 3766 1062 3820 laetatum
1079 3761 1156 3819 MSS.
1171 3764 1242 3822 Bud.

33 3837 126 3896 Guelf.
152 3839 216 3895 cdd.
241 3841 319 3912 Spir.
347 3840 438 3895 llhen.
457 3843 482 3896 2·
503 3843 531 3896 3.
557 3859 619 3910 sqq.
650 3842 726 3895 loeta
753 3847 812 3893 tum
838 3839 883 3892 ed.
902 3837 967 3892 Ber.
995 3838 1030 3890 ad
1055 3855 1142 3908 vam
1160 3837 1244 3890 siluit

33 3910 103 3966 vict.
130 3911 252 3966 tutatum
269 3913 344 3968 MSS.
365 3913 443 3966 Flcr.
469 3911 555 3978 (teste
573 3911 674 3980 Furia)
702 3911 783 3966 Harl.
810 3909 893 3964 Bodl.
920 3908 974 3962 les.
1000 3907 1063 3962 edd.
1088 3908 1150 3964 Pur.
1172 3912 1194 3963 1.
1214 3910 1242 3964 2.

33 3981 118 4038 illisu.
138 3990 164 4040 l.
201 3985 229 4036 si
246 3984 380 4051 fortuitus
403 3999 495 4038 sermo
518 3980 574 4037 MS.
600 3981 669 4040 liud.
699 3982 761 4037 edd.
780 3981 844 4036 Ber.
869 3978 917 4044 (ad
936 3997 1021 4047 quam
1045 3979 1137 4032 tacuit
1153 3978 1243 4044 vict.)

33 4052 118 4110 Rhen.
140 4063 165 4112 1.
184 4059 211 4108 ‘2-
231 4061 256 4112 3.
332 4095 337 4106 .
357 4063 423 4109 ante
440 4055 512 4108 Ern.
532 4055 609 4126 quod
627 4061 803 4109 revocarunt
819 4051 922 4108 Kiassl.
942 4061 970 4105 et
981 4049 1096 4104 Waltlr.
1116 4051 1166 4103 sed
1182 4050 1243 4115 for·

34 4127 117 4180 tuitus
135 4143 226 4180 seiano
243 4126 291 4180 MS
314 4169 321 4180 .
340 4127 408 4212 Reg.
427 4125 508 4179 Harl.
527 4125 609 4180 Bodl.
628 4128 681 4182 les.
702 4125 799 4179 Gueli.
820 4124 881 4179 edd.
903 4120 979 4193 Spir.
1000 4121 1062 4174 Pur.
1082 4128 1106 4179 l·
1125 4125 1151 4178 2·
1169 4121 1241 4174 Ern.

33 4195 78 4252 ob.
96 4200 169 4252 Isin.
189 4197 278 4252 Beki.
316 4199 360 4252 Ita
382 4197 476 4252 intell.
503 4213 558 4251 non
574 4198 656 4252 modo
683 4196 904 4251 antelucinium
928 4201 957 4246 et
984 4191 1065 4246 etiam
1088 4199 1155 4264 post
1182 4191 1241 4254 sed,

33 4285 114 4337 quarn
133 4271 235 4334 duram
250 4271 393 4324 rationem
411 4269 546 4340 probavit
573 4267 743 4324 Ramshorn.
769 4267 867 4322 Gram.
893 4284 921 4337 p.
942 4265 1003 4321 689.
1032 4263 1078 4320 Gi.
1104 4263 1166 4332 Iud.
1186 4261 1240 4316 Ill.

32 4355 55 4393 v.
73 4341 199 4410 Ellipaes
224 4359 266 4395 ur.
287 4345 311 4395 t.
329 4342 467 4412 ‚certatim
496 4356 622 4415 arguere,
642 4339 803 4418 coniuratos
828 4338 903 4392 coni.
942 4333 1021 4390 Acid.
1052 4343 1082 4389 et
1108 4335 1241 4390 luctatum
