2800 4790
177 233 336 314 ¹carun
356 233 484 302 xxm.
498 233 608 302 xxv.
641 235 695 316 (a.
712 229 752 302 o.
769 236 840 304 eoo.
863 237 902 304 a,
918 235 954 304 o.
968 240 1036 320 so.)
1158 237 1223 330 nor

13 405 49 460 di.
65 402 145 461 Duk.
163 401 204 458 ad
218 404 283 466 lair-
301 404 348 490 tq,
364 405 394 462 3.
430 403 535 490 llepno
556 401 593 457 ad
616 401 698 482 Virg·
722 403 788 457 uel.
804 402 833 470 S,
852 403 896 462 ⁷5.
916 411 947 458 et
963 403 1128 491 ad'l'ibull.
1146 410 1174 475 1,
1194 413 1221 467 l.

14 495 109 617 dia-a·
118 474 419 604 ‘aa'ds'dffi'lodd
431 474 632 602 {Piladai
645 473 879 603 aalma
894 473 1053 618 iddiaffpds
1063 495 1223 621 :iffi

434 659 500 773 cd
518 720 539 773 P
557 717 585 774 U
601 717 628 773 ‘l'
686 717 792 773 XXV.

85 826 123 893 G.
146 827 304 908 Volusio,
324 828 361 891 P.
383 825 537 910 Scipione
559 826 651 900 Coss.
680 827 787 889 otium
808 829 904 908 loris,
935 828 1032 892 foeda
1058 828 1149 894 domi
1174 834 1229 896 la·'

14 913 115 990 idria,
138 931 204 994 qna
214 910 309 975 Nero
330 912 454 973 itinera
471 909 573 974 Urbis
596 918 630 975 et
650 910 825 994 lupanaria
846 913 881 974 et
901 909 1107 977 deverticula
1127 925 1221 981 reste
1314 939 1316 946 ’

13 997 117 1058 servili
139 996 175 1056 in
198 993 495 1058 dissimulationem
516 995 569 1056 sui
590 996 793 1074 compositus
814 995 1012 1075 pererrabat
1032 999 1221 1079 comitanti,-

15 1077 70 1156 bns,
91 1079 152 1162 qui
172 1085 333 1160 raperent
352 1075 539 1141 venditioni
560 1079 710 1161 exposita
732 1085 766 1139 et
784 1077 890 1141 obviis
901 1080 1045 1142 vulnera
1056 1083 1222 1146 inferrent

13 1161 163 1224 adversus
184 1163 322 1249 ignaros
343 1159 436 1237 adeo,
467 1168 507 1222 ut
531 1162 603 1244 ipse
631 1179 761 1242 quoque
789 1163 959 1244 exciperet
982 1165 1071 1226 ictus
1098 1174 1132 1227 et
1159 1186 1221 1230 ore

15 1249 202 1324 praeterret.
245 1241 375 1306 Deinde
396 1244 455 1305 ubi
477 1240 651 1306 Caesarem
673 1263 754 1322 esse,
776 1245 835 1327 qui
856 1255 1078 1330 grassaretur,
1101 1268 1221 1330 perno-

14 1331 69 1389 tuit
89 1329 365 1412 augebanturque
384 1327 529 1388 iniuriae
550 1323 711 1390 adversus
732 1329 825 1390 viros
847 1330 1050 1412 feminasque
1073 1333 1221 1420 insignes

16 1409 204 1494 etquidem,
225 1412 388 1493 permissa
408 1410 509 1471 semel
530 1409 668 1471 licentia
688 1409 749 1472 sub
779 1414 912 1472 nomine
933 1410 1090 1492 Neronis,
1118 1417 1221 1478 inulti
1248 1477 1257 1486 ,

14 1495 151 1576 propriis
172 1513 249 1555 cum
270 1493 376 1581 globis
397 1491 510 1554 eadem
532 1491 731 1555 exercebant
751 1500 785 1555 et
805 1495 842 1553 in
864 1493 999 1556 modum
1017 1499 1221 1579 captivitatis

15 1595 69 1636 nox
88 1575 269 1664 agebatur,
300 1575 405 1640 Iulius
432 1574 565 1658 quidem
591 1574 773 1638 Montanus
801 1580 963 1640 senatorii
990 1578 1131 1659 ordinis,
1162 1579 1221 1648 sed

15 1661 60 1740 qni
78 1657 230 1722 nondum
250 1659 412 1722 honorem
434 1661 638 1741 capessisset,
659 1677 858 1744 congressus
878 1663 967 1722 forte
988 1683 1050 1743 per
1067 1664 1220 1727 tenebras

14 1760 78 1804 cum
106 1743 277 1827 Principe,
308 1744 385 1824 quia
410 1744 447 1804 vi
475 1749 694 1804 attentantem
722 1742 847 1804 acriter
881 1745 1064 1826 repulerat,
1100 1745 1222 1818 deinde

14 1829 154 1909 agnitum
178 1833 345 1898 oraverat,
368 1825 461 1908 quasi
482 1825 727 1907 exprobrasset,
749 1827 839 1886 mori
859 1824 995 1888 adactus
1023 1837 1083 1893 est.
1126 1829 1220 1893 Nero

13 1918 112 1971 antem
133 1910 341 1980 metuentior
361 1910 396 1968 in
417 1915 589 1990 posterum
610 1903 732 1972 milites
754 1908 818 1972 sibi
839 1916 873 1970 et
894 1909 1069 1993 plerosque
1096 1913 1222 1996 gladia-

14 1997 93 2054 tores
111 1990 346 2070 circumdedit,
367 1991 424 2074 qui
444 1992 597 2054 rixarum
626 1992 723 2052 initia
749 1989 879 2053 modica
907 2003 940 2055 et
968 1995 1062 2076 quasi
1089 1997 1222 2079 privata

16 2076 177 2150 sinerent3
199 2075 229 2136 si
249 2095 268 2136 a
288 2075 387 2138 laesis
408 2073 553 2137 validius
575 2081 746 2160 ageretur,
769 2093 863 2136 arma
882 2076 1081 2142 inferebant.
1113 2077 1222 2142 Ludi-

14 2175 93 2220 cram
114 2178 249 2242 quoque
268 2158 436 2220 licentiam
458 2165 493 2219 et
512 2159 660 2218 fautores
680 2157 885 2219 histrionum
911 2160 1007 2228 velut
1036 2163 1073 2223 in
1093 2163 1222 2245 proelia

15 2244 175 2304 convertit
194 2243 392 2324 impunitate
412 2248 447 2303 et
467 2241 635 2322 praemiis,
652 2247 753 2323 atque
773 2241 845 2322 ipse
866 2244 1059 2306 occultoset
1076 2247 1222 2328 plerum-

13 2343 66 2404 que
85 2344 201 2388 coram
221 2333 448 2408 prospectans,
469 2321 574 2385 donec
595 2320 743 2385 discordi
763 2325 887 2406 populo
908 2334 942 2388 et
963 2331 1130 2414 gravioris
1152 2349 1222 2392 mo·
1245 2397 1246 2406 ¹

14 2411 59 2468 tus
79 2417 216 2471 terrore
236 2427 302 2470 non
314 2405 405 2470 alind
419 2406 606 2469 remedium
617 2415 790 2489 repertum
801 2415 862 2487 est,
884 2429 980 2490 quam
992 2418 1030 2471 ut
1041 2411 1221 2476 histriones

14 2487 102 2552 ltalia
123 2492 334 2575 pellerentur
353 2490 516 2573 milesque
537 2488 671 2553 theatro
693 2509 830 2552 rursum
851 2490 1022 2556 assideret.

75 2612 101 2664 1.
122 2610 156 2665 Q.
178 2608 294 2665 Vobseio
312 2606 480 2676 Saturnino,
499 2609 531 2661 Ρ.
551 2605 688 2662 Cornelio
703 2606 836 2675 Scipione
854 2623 926 2660 coss.
944 2616 979 2662 nt
996 2627 1041 2681 ap.
1051 2611 1136 2668 Gmt.
1155 2627 1185 2682 p.
1193 2615 1221 2670 9.

14 2675 75 2733 Pbla
98 2719 106 2732 .
126 2681 231 2735 admir-
260 2699 284 2734 c.
303 2683 346 2738 2⁷.
372 2689 402 2734 et
426 2681 457 2734 in
476 2678 586 2746 Fastis3
609 2677 689 2748 Lipo.
725 2679 769 2733 ita
788 2687 818 2732 et
836 2679 867 2732 in
885 2678 949 2736 lnd.
969 2697 1041 2736 coss.
1068 2700 1114 2753 ap.
1133 2681 1220 2738 Dion.

14 2765 35 2806 r.
51 2699 120 2806 ndi.
157 2751 201 2805 De
223 2752 338 2807 Volusio
354 2752 438 2806 aad
455 2755 482 2818 3,
499 2753 544 2816 33,
564 2755 589 2806 1.
625 2749 758 2818 Scipione
782 2749 844 2804 edd·
867 2749 944 2822 Spir.
968 2751 1034 2807 Ber.
1057 2754 1137 2823 Lips.
1158 2752 1220 2837 sqq‘.

14 2819 127 2889 Cepione
145 2822 225 2876 ldSS.
245 2823 344 2879 Guelt'.
362 2823 445 2880 Harl.
464 2823 544 2877 Bodl.
569 2822 623 2876 les.
648 2829 678 2876 et
705 2821 767 2876 edd.
796 2829 849 2876 cet.
887 2820 958 2888 „Sic
977 2831 1006 2878 et
1025 2825 1055 2879 Ρ.
1074 2825 1224 2879 Cornelius

12 2892 110 2962 Caepio
128 2894 162 2948 in
180 2894 288 2948 duabus
307 2895 394 2948 inser.
414 2911 459 2966 ap.
480 2893 608 2949 Gadium
631 2910 661 2963 p.
681 2895 723 2950 19.
748 2901 777 2946 et
794 2895 838 2950 14.
876 2892 933 2949 Sed
956 2903 1076 2950 veretur
1093 2895 1221 2954 Wessel.

14 2961 43 3014 ad
58 2965 189 3020 Simoni
208 2965 316 3019 Chr-on.
334 2983 365 3036 p.
384 2967 462 3028 1654.
481 2982 519 3018 na
538 2983 571 3020 ea
588 2965 735 3036 scriptura
753 2981 769 3019 e
787 2966 954 3036 corruptela
972 2965 1060 3022 buius
1079 2967 1224 3023 lecimus

14 3035 72 3088 sitit
92 3037 164 3090 Em
201 3037 282 3104 Quod
299 3035 377 3090 baud
415 3036 541 3090 robabile
560 3042 612 3091 est
632 3065 664 3077 -
685 3035 770 3100 foedo
787 3036 860 3090 domi
879 3039 922 3100 (in
940 3036 1033 3106 Urbe)
1052 3037 1173 3092 lascivio
1194 3047 1244 3095 et·

13 3117 168 3162 nocturnae
241 3109 379 3162 sectiones
428 3107 534 3172 aronis,
562 3107 597 3160 de
623 3107 727 3176 quibus
752 3116 871 3179 praeter
887 3107 944 3162 boc
963 3117 1049 3180 caput
1066 3128 1095 3164 v.
1117 3113 1159 3177 13,
1177 3113 1222 3168 tt.

12 3175 60 3232 llio
78 3183 125 3243 Sl,
143 3181 171 3237 Β.
209 3177 315 3235 ‚Suet
334 3180 402 3232 Ner.
423 3195 447 3232 c.
466 3181 511 3236 16.
532 3178 607 3230 Plin.
629 3181 672 3242 13,
691 3181 734 3234 ta.
772 3177 881 3232 Eadem
901 3177 935 3234 de
952 3181 1028 3236 Vero
1054 3181 1144 3236 tradit
1170 3183 1223 3237 Ga-

11 3251 92 3318 pitol.
113 3269 140 3306 c.
156 3254 182 3308 d.
201 3251 237 3305 de
255 3248 412 3304 Commodo
431 3257 461 3304 et
477 3249 665 3326 Heliogabalo
683 3248 831 3319 lamprid.
860 3267 886 3304 c.
905 3253 932 3307 3.
952 3259 982 3306 et
998 3255 1042 3310 31.
1068 3283 1101 3297 -·
1127 3255 1224 3308 dever-
1341 3260 1344 3266 '

12 3322 115 3374 thala.-
136 3323 212 3377 male
238 3321 408 3375 diverticula
433 3320 495 3376 edd.
514 3321 668 3392 plurimae.
687 3337 717 3373 v.
737 3321 774 3376 ad
790 3320 826 3372 ll.
846 3323 872 3387 2,
891 3323 934 3379 tl.
963 3355 996 3366 -
1020 3331 1096 3378 uerte
1113 3322 1222 3394 rendli,
1266 3345 1269 3352 ¹

11 3389 84 3447 Suet.
104 3393 129 3446 l.
145 3394 163 3447 l.
193 3399 309 3463 arrepto
330 3393 406 3462 pileo
432 3393 477 3446 oei
501 3392 611 3461 galero,
639 3391 694 3446 Dio
713 3392 733 3445 1.
749 3391 769 3444 1.
798 3387 894 3460 ἐσθῆσι
911 3397 1111 3466 ποικίλαις-καὶ
1129 3402 1224 3468 κόμαις

13 3466 163 3534 asmodeon
179 3465 272 3518 wore
290 3465 375 3524 ἄλλως
392 3462 499 3537 ἐχρῆτο.
529 3496 562 3506 -
588 3461 635 3534 qui
657 3470 790 3532 raperent
814 3465 969 3519 venditioni
987 3468 1128 3536 exposito:
1154 3469 1223 3535 „An

12 3551 78 3660 tt?
92 3535 607 3662 {attatitttaittttt
621 3539 1223 3686 antitisti.‘'‘lttttt‘ttt

12 3687 68 3732 ctae
86 3686 166 3742 sunt,
184 3681 215 3732 in
233 3678 336 3748 quibus
353 3697 401 3735 res
417 3678 545 3734 vendes.
565 3697 591 3731 v.
612 3676 691 3736 Suet.
714 3679 784 3736 Ner.
803 3679 866 3737 ao.“
884 3681 953 3734 Ern.
980 3680 1034 3738 Gi:
1051 3689 1081 3737 et
1098 3679 1153 3736 Dio
1177 3687 1223 3750 61,

12 3751 34 3802 i.
55 3750 214 3804 venditioni
238 3749 295 3803 lllS.
315 3749 413 3805 Guelf.
442 3753 470 3812 (a
487 3767 527 3803 m.
547 3749 615 3816 sac.)
635 3750 697 3806 edd.
717 3749 795 3820 Spir.
813 3751 885 3805 Ero.
911 3754 975 3824 Bip.
995 3771 1056 3825 sqq.
1084 3752 1224 3808 venditio·

13 3835 67 3874 aeos
85 3818 148 3876 118.
166 3821 247 3876 Flor.
266 3829 341 3876 teste
359 3821 416 3878 Iac.
437 3821 527 3875 Gron.
554 3821 593 3873 od
615 3821 804 3876 uenditionem
828 3820 908 3878 MSS.
938 3825 1036 3878 Gueli.
1062 3823 1094 3890 (a.
1106 3843 1144 3881 m.
1164 3825 1223 3896 pr.)

15 3889 77 3948 llud.
98 3891 165 3946 edd.
183 3894 245 3950 Pnt.
266 3897 291 3948 l.
311 3896 338 3950 1.
357 3893 422 3948 lior.
442 3892 504 3960 (ubi
523 3891 605 3946 siluit
622 3893 714 3958 vict.)
732 3892 824 3948 liban.
845 3900 869 3952 l.
889 3899 916 3952 2·
935 3899 962 3954 3.
983 3904 1012 3951 et
1030 3902 1087 3960 cet.
1113 3928 1147 3939 -
1174 3897 1224 3950 ob·

14 3963 63 4016 nir
80 3963 199 4018 aalma
216 3965 355 4032 inferrent
374 3965 508 4019 adversm
526 3964 660 4033 ignorem
678 3965 778 4034 „qnod
793 3967 922 4023 breviter
939 3968 1050 4022 fficium
1068 3983 1122 4036 pro
1139 3967 1224 4037 idque

16 4041 128 4113 egerent
147 4035 278 4092 aduersus
295 4036 416 4106 ignaros
434 4034 509 4092 cet}l
532 4033 637 4089 Woltlt.
655 4035 789 4092 Fortasse
803 4039 889 4092 scrib.
909 4037 1073 4095 cinitoni.
1092 4039 1221 4102 odones,

16 4105 131 4172 spanis
150 4108 225 4168 odeo.
241 4117 303 4162 mm
321 4125 425 4180 parum
443 4107 590 4162 Neronem
609 4114 638 4160 et
656 4108 775 4162 comites
794 4110 856 4163 eius
874 4111 1067 4164 noscentibus.
1096 4139 1128 4152 -
1147 4108 1223 4163 enci-
1334 4122 1339 4134 “

15 4183 86 4242 peret
104 4175 186 4235 MSS.
204 4179 284 4234 Flor.
305 4178 396 4244 (tosta,
410 4179 467 4234 lac.
487 4179 591 4246 Gron.)
610 4177 707 4234 Guell.
727 4179 844 4251 aliique,
870 4189 904 4234 ut
922 4182 984 4237 edd.
1005 4188 1065 4235 ret.
1084 4181 1223 4248 occiperet
1288 4247 1292 4256 q

17 4247 71 4306 dd.
94 4249 176 4374 h'cpn.
200 4259 230 4304 et
253 4259 310 4305 cet.
336 4260 403 4306 anto
427 4251 452 4307 1.
471 4249 561 4336 Gron.
599 4279 633 4294 -
661 4256 689 4304 el
707 4267 758 4336 m.
772 4254 940 4320 proctamet,
968 4251 1133 4338 pstenderet
1148 4251 1230 4304 facia.

17 4317 96 4378 hera.
147 4319 168 4378 l.
184 4320 245 4377 lnd.
265 4321 305 4376 11.
330 4329 360 4376 st
376 4322 412 4378 de
431 4339 464 4378 ro
490 4319 648 4396 apsaSnet.
668 4323 791 4380 etl’lrn.
811 4323 898 4384 ltu.
920 4325 1014 4390 limus
1032 4324 1119 4380 verba
1138 4329 1221 4375 sunt:
