2800 4790
196 201 259 270 19⁰
594 199 838 268 ANNALIUM
864 201 949 269 LIB.
972 199 1064 268 Xlll.

199 370 1148 518 ttttttottttttmttt‘ttttmtnttt:23
1166 365 1372 492 iiiiii

201 533 233 571 ee
252 529 311 568 uon
329 513 447 583 quddam
465 512 624 580 adversari,
644 514 694 568 aad
712 514 886 584 Imperatori
910 515 1033 568 minime
1057 512 1190 566 decenum
1207 527 1270 574 esse,
1297 509 1372 563 huius·

200 585 281 641 modi
299 584 487 640 mulierculas
505 585 602 656 palum
620 584 743 639 haberes
775 593 805 640 et
828 585 893 640 ideo
920 587 955 640 ad
978 585 1009 638 id
1032 601 1082 638 soa
1105 583 1226 637 cubicula
1247 597 1277 634 ac
1296 583 1372 644 naun,

201 675 262 712 uon
281 655 382 712 Germ.
401 655 535 722 Busan,
563 656 614 711 sed
641 655 765 711 latebras
795 656 962 711 offerebat.“
987 655 1064 710 Picb.
1092 654 1136 709 Cf.
1153 655 1187 708 ad
1203 654 1266 729 Agr.
1281 655 1303 708 t·
1318 671 1340 704 u.
1354 655 1372 705 t.

201 737 233 784 et
250 727 287 787 G.
307 731 332 784 1.
351 746 380 784 u.
399 729 424 785 2.
446 754 479 768 ·-
515 743 621 782 ramma
645 729 762 796 [ortuum
786 726 864 783 MSS.
893 727 975 782 Flor.
1001 729 1070 783 Bud.
1095 735 1123 780 et
1139 725 1209 800 ,edd
1232 739 1316 777 omnes
1332 723 1372 774 nisi

201 800 279 872 quod
308 815 332 856 s.
360 801 454 866 sorana
482 799 513 853 iu
548 799 611 856 edd.
639 801 707 856 Ber.
736 807 765 853 et
791 799 883 857 auen.
911 805 934 856 Ι.
963 829 997 840 -
1033 797 1262 868 intempeetioam:
1285 796 1311 846 in
1332 791 1372 846 nst

201 874 284 930 Flor.
318 877 391 926 teste
427 869 518 925 Furia
550 871 783 942 intenapestotem.
820 899 854 910 -
904 873 1123 942 intemperanter
1152 869 1274 932 demissa,
1306 885 1330 918 v.
1351 861 1372 915 al

201 949 229 1011 2,
250 945 294 1010 lb,
320 943 347 998 2
368 975 399 986 -
436 942 576 996 Neronem
602 943 716 1010 fefellit,
748 945 786 996 cf.
811 941 845 997 ad
871 947 915 1011 15,
942 948 986 1010 66,
1010 949 1036 1000 l.
1055 977 1088 987 -
1125 943 1283 1010 orabantque
1303 947 1372 988 caere

202 1013 282 1072 MSS.
301 1012 382 1070 Flor.
401 1011 472 1070 Bua
493 1014 555 1070 edd
576 1013 653 1086 Spir.
672 1013 753 1071 Pich.
774 1032 835 1087 sqq.
874 1031 915 1070 or.
940 1015 1034 1070 caveri
1057 1012 1114 1070 MS.
1140 1012 1233 1068 Guelf.
1255 1008 1309 1062 edd.
1330 1007 1372 1056 Pul·

203 1093 231 1146 1.
249 1091 275 1145 Ἄ.
288 1087 359 1142 ¹ilar.
378 1085 471 1140 Rhea.
492 1091 516 1142 l.
536 1089 563 1143 Ἰ.
582 1089 608 1143 ³.
628 1087 705 1157 Lipe.
725 1085 810 1144 Grut.
829 1102 873 1142 or.
892 1093 1003 1142 coenet
1021 1087 1066 1142 ed.
1085 1086 1149 1140 Ald'.
1168 1085 1210 1138 Gt.
1228 1080 1260 1135 ad
1276 1078 1372 1143 n‚1‚u

204 1187 238 1200 -
256 1167 315 1212 tum
333 1164 361 1211 et
379 1158 480 1224 taleae,
498 1175 527 1214 v.
552 1157 588 1212 ed
605 1161 632 1224 2,
651 1162 677 1216 9.
1016 1213 1019 1220 ,
1277 1201 1280 1206 .

273 1232 302 1287 θ.
321 1229 448 1298 inspecto
467 1236 581 1296 ornatu,
601 1247 654 1300 quo
671 1229 837 1300 [bincipum
859 1233 1005 1304 priorum,
1036 1228 1171 1308 Augusti,
1194 1224 1302 1290 Tiberii,
1323 1219 1373 1284 caii,

203 1301 476 1371 chudii¹contugn
501 1317 535 1354 ac
548 1318 577 1370 p.
598 1303 655 1368 eff„
683 1321 807 1374 quaerum
837 1303 967 1374 supellex
997 1302 1077 1358 inter
1099 1299 1289 1372 Imperatoriae
1316 1305 1373 1430 g&

103 1393 107 1406 ·
203 1374 421 1440 praenotatum
452 1373 534 1428 Brut.
555 1399 588 1412 -
624 1374 743 1441 deligit.-
774 1377 804 1428 in
823 1373 882 1429 MS.
908 1374 1004 1430 Guelt.
1034 1375 1097 1430 edd.
1123 1367 1316 1442 Baptana

136 1491 137 1498 ,
204 1445 249 1500 Gt.
269 1441 305 1498 ad
322 1447 349 1510 2,
369 1446 396 1511 l,
417 1449 442 1500 1.
463 1477 496 1488 -
533 1444 634 1499 donum
653 1444 732 1500 MSS.
752 1444 832 1501 Flor.
854 1445 928 1500 Bud.
948 1445 1011 1501 edd.
1030 1445 1122 1502 Rhea.
1141 1447 1166 1500 2·
1182 1446 1207 1500 3·
1226 1457 1280 1510 sqq·
1297 1437 1373 1516 dtuli

202 1514 261 1572 MS.
282 1515 381 1570 Guelt.
401 1523 430 1569 et
448 1517 561 1601 primae
579 1517 641 1570 edd.
656 1547 689 1559 -
725 1516 824 1584 „nullb
839 1515 1020 1588 parcimonid
1038 1527 1176 1588 tantoque
1187 1511 1313 1582 ampliore
1328 1505 1373 1586 lube

203 1589 332 1652 ralitate,
352 1587 429 1657 quod
447 1604 510 1658 upse
525 1589 612 1656 prior
635 1605 691 1644 nec
714 1599 833 1666 rogante
857 1607 903 1644 res
927 1589 1098 1659 praecipuae
1120 1594 1150 1642 et
1173 1599 1275 1640 summe
1295 1582 1373 1645 ,upra

202 1660 237 1715 ab
255 1659 326 1712 aliis
344 1657 512 1730 Principum
531 1661 701 1744 coniugibus
718 1660 923 1732 parentibusue
942 1661 1076 1728 deferret,
1101 1656 1262 1714 deterendus
1282 1653 1373 1731 curant

203 1731 280 1786 dono
297 1731 438 1816 mitteret.
475 1729 533 1784 Sed
551 1731 716 1800 Agrippina
731 1733 900 1801 proclamat,
919 1749 974 1786 non
993 1731 1038 1786 bie
1056 1732 1143 1786 rebus
1154 1729 1285 1805 donisque
1298 1727 1373 1796 snstnq

203 1810 354 1927 30:335:
367 1802 627 1944 titttta'tt
634 1803 1131 1942 ttrtttltttttttlttt
1146 1819 1178 1928 {i
1190 1797 1373 1944 §iiiiii

203 1943 279 1998 oet.“
296 1945 379 1998 Brot.
400 1973 433 1983 -
469 1945 501 1998 in
518 1945 646 1999 deterius
663 1948 814 2015 ratmont,
833 1950 871 2005 cf.
890 1948 953 2001 lud
972 1947 1012 2004 11.
1036 1965 1066 2003 v.
1087 1947 1129 2001 ln.

655 2071 849 2128 CAPUT
884 2071 983 2130 xlv.

284 2159 326 2222 Et
342 2159 436 2224 Nero
457 2160 606 2228 infensus
626 2162 681 2242 iis,
704 2164 822 2246 quibus
843 2163 1001 2247 superbia
1022 2163 1194 2226 muliebris
1203 2151 1373 2220 innitebatur

207 2243 363 2308 demovet
390 2243 573 2308 Pallantem
594 2264 676 2307 cura
697 2265 824 2326 rerum,
846 2251 919 2331 quis
941 2243 1113 2310 aclaudio
1135 2243 1298 2326 impositus
1315 2231 1373 2294 velo

204 2327 385 2389 arbitrium
417 2329 514 2412 regni
541 2329 671 2472 agebat,
707 2331 957 2414 ferebaturque,
991 2329 1207 2416 degrediente
1234 2341 1270 2386 eo
1295 2329 1373 2399 magt*

203 2411 473 2494 prosequentium
502 2429 559 2472 mu
572 2411 726 2491 titudine,
751 2434 817 2476 nou
839 2411 981 2476 absurde
1002 2413 1138 2493 dixisse,
1165 2415 1212 2476 ire
1231 2401 1374 2544 Pallanteg

202 2495 411 2557 ut·eiuraret.
462 2491 548 2555 Saue
570 2497 744 2582 pepigerat
766 2497 884 2573 Pallas,
907 2519 948 2562 ne
970 2500 1131 2582 cuiusque
1158 2493 1235 2557 tacti
1260 2491 1290 2550 iu
1314 2499 1374 2564 ΡΝ,

202 2577 343 2640 teritum
372 2577 643 2662 interrogaretur
687 2599 825 2664 arasque
846 2583 993 2644 rationes
1014 2601 1093 2643 cum
1114 2599 1152 2644 re
1173 2574 1294 2660 publica
1311 2563 1374 2628 habt

184 2667 266 2724 ‘ret
314 2659 476 2741 Praeceps
498 2661 634 2743 posthac
684 2665 839 2749 grippiua
866 2683 966 2727 ruere
987 2663 1029 2726 ad
1051 2673 1218 2728 terrorem
1243 2664 1274 2719 et
1298 2651 1374 2712 minat

203 2763 310 2827 neque
336 2743 503 2824 Principis
525 2745 661 2807 auribus
683 2747 862 2824 abstinere,
884 2766 949 2828 quo
972 2749 1084 2810 minue
1114 2749 1297 2816 testaretur,
1320 2721 1374 2794 odd

204 2835 267 2890 turn
298 2829 361 2892 iarn
389 2846 457 2890 esse
473 2825 710 2906 Britannicum,
733 2847 835 2891 veram
856 2829 1048 2913 dignamque
1068 2833 1200 2912 stirpem
1220 2807 1374 2908 suscipienti⁴

133 2959 136 2968 .
200 2913 310 2992 patris
342 2911 487 2992 imperio,
518 2910 605 2992 quod
636 2913 755 2975 insitus
787 2923 818 2975 et
849 2915 1021 2996 adoptivus
1048 2935 1112 2996 per
1143 2913 1276 2978 inierim
1302 2907 1374 2965 muta

202 3001 375 3059 exureret.
424 2993 501 3056 Non
528 2993 666 3057 abnuere
697 3015 749 3075 ee,
781 2999 860 3079 quin
888 3008 1003 3061 cuncto
1029 2999 1176 3078 infelicis
1206 2995 1305 3058 donus
1328 2973 1374 3046 Μ

202 3079 407 3164 patefierent,
440 3095 517 3140 suae
538 3080 572 3141 in
595 3081 711 3159 primis
738 3085 880 3161 nuptiae,
910 3101 997 3145 suum
1024 3085 1217 3168 veneficium.
1258 3073 1295 3137 Id
1315 3065 1374 3159 sota

202 3162 268 3226 diis
289 3171 321 3224 et
338 3159 404 3225 sibi
422 3164 594 3241 prouisum,
616 3163 703 3246 quod
723 3167 843 3227 uiueret
860 3168 1043 3248 priuignus.
1079 3169 1204 3230 Ituran
1224 3152 1374 3224 eunitae

204 3254 322 3310 castro.
371 3239 554 3310 Audiretur
579 3245 654 3310 binc
676 3245 860 3312 Gennanici
886 3249 969 3334 filia,
998 3248 1072 3312 inde
1100 3251 1178 3314 uilis
1205 3261 1308 3309 rursus
1325 3233 1374 3298 ΒΨ

204 3349 260 3395 nus
281 3339 313 3390 et
341 3325 433 3390 exsul
451 3326 585 3407 Seneca,
609 3343 723 3392 tmnca
749 3333 874 3396 scilicet
900 3352 993 3395 manu
1020 3344 1052 3396 et
1078 3331 1280 3415 professoria
1304 3322 1374 3398 libell

203 3413 335 3496 generis
365 3410 493 3475 bumont
521 3415 659 3496 regimen
680 3417 928 3494 expostulantes.
971 3415 1079 3480 Simul
1100 3414 1272 3480 intendere
1290 3419 1374 3468 manu

203 3513 365 3592 oggerere
402 3493 538 3577 probra,
574 3507 806 3561 consecratum
832 3497 1019 3579 claudium,
1053 3502 1205 3564 infernos
1232 3495 1374 3559 Silanum

202 3599 315 3642 manes
342 3580 511 3656 invocare,
533 3587 567 3640 et
588 3588 639 3642 tot
659 3581 760 3644 irrita
781 3585 941 3646 facinore.
1141 3597 1147 3606 '

275 3667 300 3718 1.
329 3659 371 3714 iu'e
396 3660 509 3730 quibus:
536 3661 569 3716 in
595 3663 638 3718 ed.
664 3661 742 3734 Spir.
771 3663 816 3718 bie
834 3667 942 3734 quibus.
976 3663 1021 3720 (it.
1047 3666 1083 3721 ad
1108 3671 1134 3732 1,
1159 3667 1205 3728 Ὦ,
1232 3663 1257 3718 3.
1275 3661 1299 3722 ²2
1323 3653 1360 3714 ⁴32

203 3731 296 3786 Kritz·
315 3733 350 3788 ad
368 3727 438 3788 Sall.
459 3731 520 3786 Gat-
539 3750 568 3803 ρ.
590 3737 632 3790 ll.
652 3733 745 3788 Beier.
765 3736 801 3791 ed
820 3737 879 3792 Cio.
900 3737 979 3795 Lael.
999 3755 1023 3794 e.
1043 3741 1087 3804 Ὦ,
1106 3741 1151 3796 82
1171 3737 1237 3791 otto
1254 3731 1287 3785 ad
1303 3725 1374 3780 Cio«

204 3821 265 3858 sen.
279 3822 314 3875 φ.
334 3807 360 3860 e.
380 3801 517 3858 Wunder
535 3805 566 3857 sn
585 3803 670 3858 Jahn.
690 3807 773 3870 anan
792 3827 817 3865 a.
840 3812 917 3869 reon.
937 3809 991 3862 111.
1011 3812 1033 3865 r.
1052 3813 1079 3866 a.
1122 3847 1128 3860 .
1149 3811 1209 3865 1⁷4.
1223 3833 1254 3845 -
1288 3793 1374 3866 sured

203 3875 350 3930 muliebris
369 3872 472 3958 “bdus
495 3875 531 3928 ir.
550 3876 612 3930 Put.
632 3882 658 3933 1.
676 3879 703 3934 2.
724 3877 787 3936 Ber.
808 3881 870 3946 (ubi
889 3881 972 3934 siluit
990 3881 1083 3946 vict.)
1099 3827 1195 3935 blheu.
1216 3884 1242 3936 l·
1259 3877 1284 3931 2
1303 3875 1326 3927 3·
1349 3881 1374 3934 ⁵11

203 3947 311 4012 faccia
328 3946 459 4000 multurae
507 3945 557 4002 SS.
577 3949 675 4003 Guelt.
696 3950 777 4005 Harl.
797 3952 851 4007 ies.
866 3953 1002 4007 Fortasse
1020 3953 1142 4008 melius:
1162 3969 1228 4005 nam
1247 3945 1374 4000 libenter*

204 4021 294 4073 verbo
313 4019 408 4072 utitur
425 4017 554 4086 Tacitus,
573 4029 607 4074 ut
624 4020 660 4077 de
677 4020 838 4098 Agrippina
858 4024 1044 4092 Germaniciq
1062 4025 1132 4078 Ern.
1153 4052 1187 4062 —
1223 4019 1345 4076 demeret,
1368 4023 1374 4056 t

203 4089 264 4144 iud.
285 4090 473 4146 11.,densoliri
491 4089 549 4147 MS.
569 4092 640 4170 Agr.
660 4093 801 4150 densclliet
820 4097 863 4152 ed.
884 4095 962 4168 Spir.
977 4123 1010 4136 -
1038 4112 1107 4150 cura
1126 4111 1224 4150 rerum
1240 4091 1374 4177 privatam

203 4161 349 4233 Principis
369 4180 384 4215 a
402 4163 572 4230 rationibus,
601 4175 641 4230 (u.
662 4165 742 4222 Suet.
763 4167 863 4224 Claud.
891 4167 949 4231 28.)
977 4169 1026 4224 vel
1049 4167 1150 4238 potius
1176 4163 1374 4222 administrato:

203 4233 697 4366 perversurum
720 4237 803 4367 m
827 4238 1223 4368 sennen·
1334 4227 1374 4355 a

279 4328 1320 4378 .......,η..νηι...
