2854 4798
191 213 252 282 1⁷⁰
579 191 1026 274 Amunclanum.

190 378 396 452 praetereatis
415 393 448 433 sa
467 390 562 432 sermo
580 383 636 443 est,
654 376 788 446 quodque
804 374 928 430 maritus
946 372 1008 430 eius
1026 373 1145 441 dicitur,
1169 375 1221 460 qui
1237 375 1286 430 diu
1303 377 1392 434 befm.

191 460 254 505 ctus
273 451 339 506 aliis
358 449 473 508 maritis
491 446 590 502 lacum
607 449 689 503 iecit.
720 447 798 502 Hinc
817 446 1002 500 scribendum
1021 453 1093 518 puto
1111 446 1227 500 sobrina
1242 449 1392 520 priorisque

190 522 293 577 mariti
311 522 373 577 eius
391 537 484 587 sorar,
511 527 545 572 ut
568 519 654 589 prior
674 535 747 572 uuor
766 517 962 584 staminei,
981 519 1026 574 31.
1047 517 1174 584 13651ι
1192 517 1317 572 Freinsb.
1334 521 1391 576 Dis·

190 594 302 667 plicare
330 595 418 649 etiam
442 599 564 664 possunt
583 590 716 646 Genitivi
732 609 771 644 ⁴ex
788 607 818 644 se
835 589 1002 660 pendentes.
1021 589 1084 644 eius
1101 589 1181 644 abest
1199 589 1285 644 ans.
1304 590 1390 650 Guelt.

190 666 282 720 Gnaei
300 665 343 722 ed.
364 663 455 720 Bekk.
475 661 728 729 cf.ad11,s,t.
754 693 787 706 -
815 661 1015 716 claritudinem
1040 677 1080 714 sc.
1106 677 1178 715 esse.
1204 660 1248 717 Gi.
1267 662 1327 718 ind.
1345 667 1390 720 111.

190 757 218 795 v.
238 738 362 809 Ellipsea
381 743 405 794 l.
424 741 452 804 β.
479 765 512 780 ·-
541 734 667 789 uiolenta
685 731 766 788 MSS.
793 733 874 786 Flos.
902 733 1002 788 Gueli.
1023 731 1104 786 noas.
1130 733 1193 786 edd.
1213 733 1274 790 Put.
1291 737 1318 792 2.
1335 735 1388 792 Bon.

190 809 282 866 Rhea.
303 815 329 866 l.
350 807 430 864 Picis.
451 825 512 880 sqq.
530 807 673 868 vinolenta
690 803 771 860 MSS.
790 806 861 882 Bag.
878 804 960 859 Bodl.
990 805 1021 858 in
1049 822 1095 858 ma
1134 805 1388 862 .Hsrl.1es.Bud.

191 882 255 938 edd.
275 881 352 953 Spin.
373 879 442 934 Put.
462 884 488 935 1.
507 877 600 933 Rhen-
619 882 646 936 1.
665 883 691 935 3.
711 885 740 932 et
758 884 812 932 cet.
832 885 899 932 ante
918 875 998 931 Picis.
1024 883 1058 928 ut
1077 885 1106 929 et
1147 884 1203 932 sot.
1222 884 1337 948 utraque
1353 881 1389 932 in·

190 952 292 1021 lamis:
312 950 628 1021 impudica-ainolsnta
646 950 690 1005 ed.
711 947 789 1020 Spin.
810 977 844 988 -
863 950 890 1002 si
927 964 973 1015 ua,
992 967 1021 1002 r.
1040 946 1077 1002 ad
1096 947 1128 1002 0.
1146 951 1193 1005 36.
1213 965 1242 1002 n.
1261 953 1287 1007 ὅ.
1313 977 1341 988 -
1363 969 1389 1006 ac

190 1024 397 1093 largitionibus
414 1021 494 1079 MSS.
514 1023 595 1079 Flor.
616 1021 715 1078 Gueli.
736 1019 797 1075 edd.
817 1017 896 1091 Spin.
908 967 978 1073 1111.
1000 1025 1025 1078 1.
1044 1022 1072 1075 1.
1091 1021 1157 1074 Bas.
1172 1018 1265 1080 Rham
1275 1028 1300 1079 1.
1312 1021 1387 1080 Beki,

178 1095 306 1150 'Waltln
326 1104 352 1149 et
370 1097 447 1164 larg.
466 1095 528 1151 edd.
547 1101 603 1150 cet.
636 1127 668 1137 -
695 1090 884 1158 devinciebat5
909 1093 941 1146 in
964 1091 1008 1148 od.
1033 1108 1078 1162 pr.
1098 1092 1270 1158 desincebat,
1296 1095 1325 1146 in
1340 1093 1387 1152 MS.

189 1166 261 1244 Agr.
281 1167 461 1222 desnulcebat.
482 1199 514 1210 -
534 1166 612 1220 truci
630 1163 789 1218 semineci
805 1164 891 1234 Agr..
921 1166 959 1220 cf.
980 1162 1042 1218 inb.
1061 1162 1117 1216 111.
1143 1181 1170 1216 v.
1190 1163 1311 1233 Ellipses
1329 1171 1350 1220 1.
1366 1187 1386 1236 y.

191 1271 226 1310 -,
243 1255 313 1309 quae
330 1241 390 1307 filio
409 1240 478 1293 dare
500 1238 654 1307 imperium
677 1254 722 1306 sc.¹
743 1235 854 1306 quibat,
880 1236 1005 1290 tolerare
1027 1233 1240 1306 imperitantem
1266 1237 1387 1308 nequibat,

189 1312 227 1369 ci.
247 1311 283 1367 sel
301 1315 344 1378 13,
362 1312 407 1378 bb,
428 1315 452 1366 1.
472 1318 503 1365 et
519 1307 583 1363 inl.
601 1310 654 1366 111.
674 1328 703 1363 r.
723 1307 861 1378 syllepsis
877 1311 904 1366 1.
928 1326 959 1380 p·
978 1309 1041 1366 8³5.

627 1452 821 1507 CAPUT
873 1453 975 1508 LXV.

270 1561 431 1629 Ceterum
454 1563 585 1627 obiecta
605 1569 694 1642 sunt,
717 1559 804 1646 quad
825 1562 1019 1648 coniugium
1033 1561 1200 1645 Principis
1221 1560 1386 1626 devotioni-

187 1647 249 1711 bus
276 1651 452 1732 petivisset
479 1647 644 1733 quodque,
680 1665 801 1731 parum
822 1647 978 1708 coercitis
991 1664 1060 1792 per
1082 1643 1270 1710 Calabriam
1290 1667 1387 1710 seruo·

188 1751 263 1794 rum
286 1732 485 1818 agminibus,
508 1751 622 1816 pacem
644 1731 760 1793 ltaliae
782 1730 946 1793 turbaret.
1021 1730 1143 1793 bhaec
1161 1749 1253 1794 mass
1267 1731 1386 1812 indicta,

187 1816 330 1878 multum
352 1815 551 1898 adversante
572 1815 743 1893 Narcisso,
777 1815 834 1897 qui
855 1815 1075 1902 Agrippinam
1103 1817 1210 1904 magis
1238 1819 1386 1904 magisque

186 1909 377 1984 suspectans
406 1903 610 1983 prompsisse
638 1899 727 1962 inter
764 1899 934 1982 proximos
962 1897 1152 1978 ferebatur,
1198 1909 1310 1964 certam
1335 1900 1386 1964 sibi

182 1987 365 2064 perniciem,
398 2003 454 2046 seu
475 1981 695 2048 Britannicus
724 2001 826 2054 rerum
854 2001 911 2045 seu
939 1982 1029 2044 Nero
1059 1984 1234 2063 patiretur.
1292 1983 1387 2050 Verum

186 2071 236 2130 ita
256 2069 295 2130 de
314 2088 349 2132 se
368 2071 510 2146 meritum
532 2067 710 2145 Caesarem,
730 2075 769 2130 ut
790 2069 887 2130 vitam
907 2067 981 2128 usui
995 2067 1276 2147 eiusimpenderet.
1316 2065 1386 2132 Con·

186 2154 301 2214 uictam
328 2151 535 2215 Messalinam
569 2161 600 2214 et
627 2149 755 2216 Silium.
802 2146 905 2216 Pares
937 2153 1050 2212 trenam
1087 2151 1262 2216 occstsandi
1290 2172 1385 2214 causas

185 2255 264 2307 esse,
286 2238 316 2298 si
337 2235 426 2297 Nero
447 2237 655 2315 imperitaret.
697 2233 894 2300 Britannico
916 2247 1098 2298 successore
1118 2234 1238 2298 nullam
1256 2233 1385 2316 Principi

186 2321 339 2398 meritum,
373 2339 413 2380 ac
433 2335 589 2382 nouercae
616 2319 746 2383 insidiis
767 2319 886 2382 domum
906 2335 1021 2380 omnem
1044 2318 1181 2384 convelli
1200 2321 1314 2382 maiore
1335 2323 1384 2402 fia-

184 2405 272 2483 gilio
304 2421 396 2485 quam
423 2405 454 2466 si
487 2403 717 2484 impudicitiam
743 2405 866 2482 prioris
895 2403 1042 2484 coniugis
1069 2405 1268 2468 reticuisset:
1297 2423 1383 2488 qnan-

92 2508 94 2512 ’
184 2504 277 2568 paam
311 2506 350 2548 ne
381 2487 609 2566 impudicitiam
642 2486 767 2569 quidem
794 2503 880 2550 nanc
915 2485 1025 2549 abesse
1060 2483 1214 2551 Pallante
1245 2487 1384 2566 adultero,

184 2589 224 2632 ne
254 2571 328 2653 quis
356 2569 513 2652 ambigat,
545 2571 659 2650 decen,
694 2570 865 2648 pudorem,
898 2588 1031 2650 carpus,
1064 2581 1181 2634 cuncte
1220 2591 1317 2654 regno
1346 2575 1382 2638 ui-

184 2653 270 2716 liora
291 2652 418 2720 babere.
463 2653 555 2718 Haec
575 2663 675 2737 atque
696 2654 780 2715 talia
804 2652 959 2715 dictitans
984 2655 1139 2736 amplecti
1162 2655 1382 2732 Britannicum,

184 2736 293 2799 robur
314 2737 432 2800 aetatis
455 2757 552 2821 quam
574 2739 811 2800 maturrimum
831 2738 985 2818 precari:
1007 2736 1107 2800 modu
1130 2737 1171 2798 ad
1191 2737 1281 2821 deos,
1301 2737 1383 2802 modu

184 2817 226 2881 ad
247 2821 357 2901 ipsum
377 2818 516 2883 tendere
537 2841 666 2898 manus,
689 2819 896 2899 adolesceret,
925 2822 1033 2901 patris
1054 2823 1203 2886 inimicos
1224 2823 1383 2906 depelleret,

183 2907 296 2967 matris
316 2907 412 2966 etiam
433 2903 661 2984 interfectores
682 2904 900 2968 ulcisceretur.

255 3026 278 3079 1.
299 3021 463 3091 coniugium
480 3021 636 3090 Principis,
656 3021 685 3076 h.
701 3039 724 3075 e.
744 3023 909 3098 coniugem,
928 2998 1139 3146 silgrippinami
1166 3043 1235 3080 nam
1257 3033 1291 3078 at
1312 3025 1381 3079 Clau·

183 3093 226 3146 dii
245 3094 331 3146 coniu
355 3094 416 3147 ium
444 3095 505 3166 ipsa
530 3095 675 3162 ambierit,
698 3110 756 3148 nan
784 3093 912 3161 lectum
965 3095 1019 3162 ips.
1045 3097 1194 3165 coniugem
1216 3095 1293 3152 MSS.
1316 3097 1380 3151 ilar.

182 3163 254 3240 Reg.
292 3113 497 3234 „tianiugium
516 3169 595 3233 uti,
616 3170 657 3223 13.
684 3164 905 3232 matrimonium,
933 3182 991 3220 non
1019 3166 1059 3222 id.
1079 3167 1127 3238 qd.
1155 3169 1314 3240 coniugem
1341 3165 1381 3221 sed

183 3235 331 3310 significat
348 3245 462 3290 tanturn
480 3239 651 3314 coniugem:
670 3255 737 3292 nam
756 3239 783 3292 si
801 3238 866 3308 quis
884 3239 1054 3315 coniugium
1077 3240 1203 3296 alicuius
1220 3242 1294 3313 petit
1310 3240 1380 3296 desa·

114 3321 116 3328 ·
182 3306 323 3372 tionibus,
353 3308 379 3360 is
402 3306 480 3374 hand
504 3309 589 3363 dubie
612 3311 688 3380 petit
712 3309 874 3386 coniugem.
918 3309 1056 3364 Ceterum
1083 3311 1136 3363 vix
1159 3314 1297 3378 abstineo,
1322 3311 1380 3382 quin

183 3379 360 3448 scripturam
384 3379 446 3432 aad·
473 3379 553 3437 ator.
581 3380 730 3434 inlocum
754 3398 839 3434 snum
865 3383 1035 3451 reponam.“
1065 3381 1174 3436 Waltls.
1216 3383 1331 3438 Videtur
1354 3399 1380 3435 es

128 3515 131 3522 Ι
162 3465 245 3502 'esse
271 3465 286 3501 e
310 3448 422 3524 glossas
450 3450 521 3504 Ern.
547 3483 580 3494 -
609 3451 804 3512 deuotionibus
824 3452 983 3520 petivisset,
1010 3473 1038 3508 r.
1060 3454 1096 3507 ad
1118 3457 1146 3520 1,
1164 3457 1210 3515 bi.
1239 3486 1272 3498 -
1294 3469 1381 3526 parum

110 3567 113 3572 .
183 3518 317 3576 coercitis
334 3535 478 3574 seruorum
495 3537 614 3574 suorum
632 3523 805 3590 agminibus,
824 3525 862 3576 cf.
882 3524 918 3578 sd
936 3527 963 3589 i,
981 3527 1026 3591 st,
1047 3531 1072 3583 1.

251 3593 278 3646 3.
298 3589 340 3643 Ob
358 3588 441 3644 laec.-
461 3593 494 3646 in
511 3591 554 3648 ea
576 3591 654 3662 Spin.
674 3593 707 3646 ab
725 3592 784 3648 boc.
822 3593 879 3649 Sed
894 3596 981 3664 plura
1000 3597 1028 3650 ei
1056 3605 1124 3652 sant
1142 3597 1261 3654 obiecta.
1290 3625 1320 3636 -
1343 3595 1379 3648 in·

183 3659 262 3717 dicta
285 3660 343 3714 MS.
368 3661 449 3716 Flos.
484 3662 547 3718 eid.
576 3661 655 3716 Sir.
679 3663 771 3720 auen.
798 3669 823 3724 2.
843 3669 871 3721 3.
896 3685 930 3738 sq
952 3710 958 3722 .
982 3665 1078 3721 indita
1097 3667 1175 3724 MSS.
1194 3669 1264 3745 fleg.
1292 3666 1378 3723 Gueli·

181 3732 251 3788 Bud.
271 3731 353 3816 llari.
373 3733 528 3816 Mali&
554 3681 616 3788 eti
639 3736 703 3790 Pus.
723 3741 748 3794 1.
767 3739 795 3794 l·
822 3735 886 3792 Ber.
911 3685 1002 3792 sitem
1024 3743 1048 3796 1.
1085 3773 1119 3784 -
1147 3741 1308 3796 conuictam
1329 3751 1380 3791 esse

181 3803 371 3858 Messalinam
388 3810 416 3860 et
434 3805 549 3872 Salsum,
569 3807 773 3876 quiescenti,
792 3809 921 3864 dasnnati
948 3817 978 3865 et
1001 3811 1093 3864 occid
1119 3820 1203 3866 erant
1225 3813 1379 3866 instinctore

182 3877 327 3930 Narcisso.
346 3895 374 3930 n.
394 3877 437 3944 11,
455 3879 583 3934 33-38.
620 3879 800 3934 Ganoiclams
827 3899 895 3934 nam
911 3881 1112 3952 praedicatum
1130 3885 1294 3938 annectimur
1309 3897 1378 3954 prat·

182 3946 270 4016 cipuo
287 3948 423 4004 subiecto·
444 3948 489 4005 Oi.
507 3945 679 4006 Rasnshorn.
699 3951 800 4006 Graan.
819 3967 848 4023 p.
868 3953 930 4009 lib.
951 3960 981 4008 et
999 3953 1065 4007 ind.
1084 3954 1136 4010 111.
1162 3974 1191 4008 r.
1209 3953 1379 4008 Praetteno

181 4035 246 4070 rum
263 4025 290 4072 st
307 4019 501 4074 Subiectum
519 4022 629 4074 nuncsi
647 4038 680 4075 ac
697 4038 803 4092 genera
821 4023 943 4080 dionae.
965 4049 998 4064 ·-
1016 4025 1107 4080 Pares
1125 4027 1228 4080 itesam
1243 4021 1380 4080 mmsasdi

181 4105 283 4144 causas
301 4106 369 4157 esse,
387 4093 416 4145 si
433 4091 510 4146 Nero
528 4091 716 4162 imperitaret,
736 4095 776 4148 ins
800 4096 894 4150 esium
912 4095 1069 4167 adepturus
1088 4107 1179 4152 esset:
1197 4115 1262 4152 nssn
1279 4092 1379 4150 Claudii

182 4161 273 4214 vitam
292 4179 370 4216 nunc
389 4163 492 4217 iisdem
510 4164 651 4234 periculis
672 4174 701 4220 et
759 4166 835 4220 iem
862 4167 977 4221 insidiis
995 4168 1177 4244 Agrippinae
1204 4175 1232 4224 et
1248 4165 1377 4222 Pallantis

182 4232 319 4299 adulteri,
338 4241 373 4286 us
389 4241 473 4290 antea
491 4235 662 4291 Messalinae
681 4183 807 4304 aegisti,
827 4238 979 4292 obnoxiam
998 4256 1069 4296 esse.
1090 4267 1123 4279 -
1141 4239 1309 4296 Britannica
1324 4251 1377 4288 stc·

180 4318 289 4359 eessore
313 4305 419 4360 nullum
442 4305 574 4376 Principi
601 4309 742 4376 meritum,
773 4323 810 4384 aa
834 4325 967 4365 nouercae
992 4320 1048 4366 cet.
1085 4311 1178 4367 Verba
1199 4311 1268 4368 haec
1291 4305 1376 4362 mendi
