2804 4790
178 201 232 270 '96
564 195 811 264 ANNALIUM
844 197 931 266 Llll.
952 196 1029 266 ΧΠ.

189 365 265 420 lium
287 365 367 422 luit?
403 311 583 422 maneriis
606 373 674 422 ante
697 365 845 422 cartellam
865 365 955 422 verbs
979 370 1008 422 et
1033 345 1145 422 Ar'lela
1164 372 1215 422 aut
1246 373 1322 423 certe
1344 373 1378 434 ela}

82 449 86 459 ⁴
189 437 270 509 lips.
296 437 437 509 Copulasn
465 437 617 498 inseruere
641 435 721 494 Picb.
753 445 783 492 et
805 437 871 510 Bip.
896 437 984 494 verbs
1008 446 1105 493 autern
1135 445 1163 494 et
1186 439 1290 492 Arbela
1313 439 1378 511 llycl

188 511 264 566 usn.
284 509 333 565 ob.
353 509 426 564 Liin.
446 508 537 564 Bekk.
563 517 593 564 et
618 507 722 564 Riessl.
759 507 794 564 ld
816 509 948 564 arridere
971 517 1079 580 potest,
1103 511 1172 582 quia
1197 511 1230 564 in
1252 504 1308 565 HS.
1332 513 1378 588 lgr

188 583 304 658 legitur
326 581 467 650 Assyriae
489 585 517 634 et
539 580 658 646 Arbela,
688 581 833 634 castellum
860 579 974 636 illustre
995 581 1084 648 fama,
1121 589 1151 636 et
1178 582 1321 652 proelium
1347 583 1378 636 ha

189 653 378 708 commissum
396 647 512 722 quidem
539 652 615 724 apud
633 652 820 728 Gaugamela,
845 649 894 718 (τὰ
912 653 1089 721 Γαυγάμηλα)
1115 651 1166 707 sed
1189 653 1283 729 gloria
1307 656 1378 714 eius

187 725 293 781 multis
321 723 377 778 assi
400 733 465 778 nata
489 723 616 790 Arbelis,
644 723 780 795 quoniam
805 721 859 778 ille
878 722 959 778 locus
977 732 1040 778 erat
1058 726 1137 791 κώμη
1155 723 1204 778 aba
1220 727 1329 794 μεγάλη,
1352 725 1378 784 bi

188 797 312 862 κατοικία
330 793 364 855 ll
407 813 472 864 ογος
498 803 529 848 et
546 796 634 860 adire,
659 803 689 848 et
712 794 789 850 alter
811 793 846 849 ab
873 793 967 849 altero
990 811 1050 848 non
1068 795 1117 850 lon
1189 796 1227 863 (D
1244 805 1337 850 umen
1354 809 1378 850 aa

188 867 239 922 DC
265 865 368 929 stallis)
396 868 503 922 aberat
543 865 588 920 Ita
612 867 729 920 Arriam
753 869 781 930 6,
809 869 853 924 16.
878 869 907 932 6,
932 871 976 923 11.
1004 867 1079 920 Ptol.
1101 873 1115 924 1
1135 903 1145 934 ,
1164 871 1189 924 1.
1216 867 1271 922 Dio
1293 871 1334 932 68,
1357 867 1378 932 li

188 937 284 996 Strab.
308 937 381 992 xvl.
409 955 438 1008 p.
459 941 520 994 737.
557 937 633 994 Plut.
660 938 693 990 in
717 935 800 993 Alex.
828 951 858 1009 p.
877 939 938 996 683.
966 938 1029 1006 (ubi
1047 946 1184 1010 corrupte
1209 935 1240 992 la
1262 944 1378 1012 Παυσοαη

181 1015 245 1074 ‘laec
269 1009 298 1064 le
321 1009 393 1074 'tur)
428 1007 547 1074 Diodor.
574 1011 619 1074 17,
644 1011 689 1066 53.
717 1016 748 1063 et
781 1007 864 1064 Curt.
888 1013 916 1076 4,
940 1011 968 1076 9,
994 1013 1019 1066 9.
1050 1009 1106 1064 etsi
1136 1011 1242 1064 Arbela
1271 1009 1318 1078 (ιὰ
1342 1011 1378 1082 'Ap

187 1087 272 1156 ρηὶα,
318 1077 364 1134 od.
389 1081 488 1144 Arest)
514 1081 624 1148 vicum,
655 1096 715 1134 non
733 1079 835 1134 urbem
861 1082 952 1134 luisse
970 1079 1082 1134 dicunt.
1118 1079 1266 1136 Similiter
1307 1091 1378 1152 rapte

189 1157 322 1209 locorum
340 1153 521 1207 vicinitatem
540 1151 639 1207 eadem
657 1169 755 1228 pugna
773 1150 972 1231 Bedriacensis
992 1160 1022 1206 et
1039 1151 1255 1218 Cremonensis,
1275 1101 1346 1208 ilem
1367 1163 1378 1208 ιι

188 1225 236 1282 leo
255 1224 290 1278 ab
307 1223 434 1279 Hercule
452 1241 549 1278 caesus
567 1224 692 1278 Nemeae
713 1242 735 1280 s.
754 1224 914 1280 Nemeaeus
932 1231 962 1278 et
981 1223 1140 1278 Cleomene
1159 1225 1329 1296 appellatur.
1349 1173 1378 1282 g,

188 1295 248 1354 HS.
267 1295 338 1372 Agr.
358 1294 560 1349 additamentis
579 1293 885 1366 emendationibusque
904 1303 1005 1363 scatet,
1032 1312 1086 1350 nec
1104 1295 1259 1368 quisquam
1277 1306 1378 1354 veteru

189 1368 370 1438 scriptorum
389 1365 496 1422 Arbela
514 1366 661 1420 cartellam
678 1364 764 1418 dixit.
801 1366 881 1430 Hinc,
895 1365 985 1421 rerba
1009 1375 1035 1420 et
1053 1367 1159 1421 Arbela
1180 1369 1295 1421 uncinis
1313 1369 1378 1438 incia

188 1441 262 1498 sisse
279 1439 418 1493 ridentur
434 1437 526 1493 Bekk.
546 1446 576 1493 et
593 1435 709 1503 Kiessl,
730 1438 817 1492 eiecit
836 1446 934 1492 autem
952 1437 1104 1506 Walther,
1132 1439 1184 1510 qui
1202 1437 1274 1493 baec
1291 1447 1378 1508 annoti

188 1513 248 1566 vit:
268 1508 431 1576 „Contenti
450 1509 540 1564 simus
558 1509 621 1564 anti
642 1523 695 1562 uae
714 1510 876 1580 scripturae
894 1508 1002 1577 verbis,
1021 1525 1081 1563 non
1099 1512 1219 1564 utaris
1236 1509 1326 1564 Ninos
1342 1512 1378 1580 ipe

188 1583 304 1637 dicatur
322 1581 478 1647 cartellam,
496 1581 545 1635 sed
563 1582 609 1634 int
652 1581 751 1708 igetur
768 1581 916 1634 cartellam
933 1582 996 1636 eius
1013 1580 1095 1636 urbis
1113 1582 1163 1636 rel
1179 1583 1315 1659 regionis.
1333 1582 1378 1644 Nar

188 1653 343 1708 castellum
362 1651 439 1706 illud
456 1653 575 1709 nomine
593 1668 645 1706 suo
691 1669 726 1705 au
748 1652 851 1718 amsla,
871 1654 934 1708 sive
958 1653 1000 1706 ita
1018 1651 1116 1706 audiat
1139 1655 1221 1708 vicus
1249 1669 1336 1724 prope
1357 1661 1378 1706 cl

189 1723 310 1778 stellam
329 1725 413 1788 situs,
432 1724 464 1776 in
484 1741 516 1778 ea
533 1724 592 1776 luit
610 1723 691 1778 urbis
737 1725 780 1778 mi
798 1724 959 1790 vicinitate,
978 1731 1012 1777 ut
1031 1724 1181 1780 commode
1198 1733 1298 1795 posset
1315 1726 1378 1796 eccll

187 1810 244 1868 pro
273 1794 393 1850 castello
418 1793 500 1849 illius
522 1794 631 1848 urbis.“
668 1795 714 1850 lta
737 1811 808 1850 vero
832 1805 900 1850 ante
924 1795 1071 1848 cartellam
1103 1795 1290 1851 inserendum
1311 1797 1378 1867 potia

188 1885 277 1938 quarn
296 1866 522 1943 intelligendum
539 1867 637 1930 cuiae,
655 1883 750 1938 neque
769 1875 889 1932 constat,
909 1865 1088 1943 Gaugamela
1105 1868 1156 1923 vel
1174 1867 1378 1922 castellumluil

188 1955 231 2006 se,
250 1937 299 1992 rel
317 1945 375 1992 tam
394 1937 593 2008 propinquum
611 1938 700 2004 Nino,
719 1946 753 1990 ut
769 1935 857 1992 huius
875 1938 957 1994 urbis
975 1938 1122 1992 cartellam
1140 1937 1200 1992 elici
1216 1939 1351 2010 potuerit.
1377 1977 1378 1990 .

196 2021 201 2037 ’
260 2011 286 2064 2
305 2009 381 2078 apud
399 2016 529 2074 moulan,
548 2009 596 2062 cai
614 2008 932 2064 nauseamentis:
968 2010 1113 2076 „Fi-astra
1140 2009 1331 2076 divinaretur,
1354 2023 1378 2078 ηι

65 2125 73 2136 .
187 2080 230 2134 sit
247 2095 330 2134 mons
354 2081 409 2133 iste
433 2079 589 2144 Sambalar,
614 2079 692 2150 quod
713 2080 824 2136 flumen
849 2081 954 2134 Carina
978 2097 1009 2136 ea
1030 2117 1039 2132 ·
1060 2085 1093 2138 14
1116 2098 1161 2152 pr.
1198 2079 1317 2134 Tabulis
1338 2083 1378 2157 gri

188 2149 338 2238 graphicis
358 2148 531 2205 Corbulonis
547 2150 687 2206 utebatur
705 2150 834 2218 Tacitus,
858 2169 932 2223 quae
955 2155 988 2206 in
1050 2169 1066 2206 o
1084 2160 1231 2206 terrarum
1259 2161 1348 2224 parte,
1369 2163 1378 2212 ι

189 2241 222 2278 su
245 2221 378 2287 multia
402 2221 529 2276 leniores
552 2231 637 2276 erant
662 2224 773 2276 nostris
797 2231 827 2278 et
851 2225 1056 2278 accuratiores.
1092 2224 1138 2280 Ne
1160 2231 1261 2278 tamen
1279 2223 1378 2280 locoru

187 2293 309 2348 omnino
332 2310 369 2346 ru
391 2311 420 2348 es
447 2294 549 2360 simus,
586 2311 635 2346 sus
657 2294 781 2358 ioamur,
809 2293 997 2350 Meherdaten
1014 2295 1131 2350 Arbelis
1157 2295 1273 2350 obviam
1292 2296 1378 2364 Gelan

156 2420 158 2426 ,
208 2365 375 2430 rocessisse,
402 2372 432 2420 et
451 2363 598 2420 Gotarzen
622 2312 842 2438 Hecatompylm
861 2364 1036 2421 Parthorum
1054 2367 1147 2442 regia,
1170 2383 1250 2420 nunc
1274 2365 1378 2437 lspalsat

217 2435 349 2490 eherdati
367 2437 541 2502 occurrisse,
570 2452 605 2491 ac
630 2437 754 2508 proinde
777 2437 883 2492 Arbela
910 2438 988 2492 inter
1015 2447 1044 2492 et
1063 2437 1296 2509 Hecatompylon
1318 2439 1378 2504 suist

65 2553 70 2558 .
186 2515 320 2564 montem·
335 2506 489 2562 Samoulis
507 2517 536 2562 et
553 2508 664 2562 flumen
683 2509 823 2562 Carreum.
860 2509 924 2564 Nec
962 2509 1046 2562 rocul
1062 2525 1144 2576 vero,
1163 2527 1210 2564 eos
1229 2510 1310 2564 intra
1326 2523 1378 2566 mot

187 2587 247 2634 teau
271 2579 382 2632 alana
405 2586 434 2634 et
456 2581 584 2634 fluvium
612 2577 755 2646 Gainedti,
792 2581 899 2650 quiin
949 2581 1031 2666 igrin
1064 2580 1178 2647 influit,
1215 2583 1378 2636 concurras

186 2649 274 2724 Certe
291 2657 453 2727 pugnatum
471 2652 504 2704 in
521 2653 684 2724 provincia,
704 2667 792 2722 quarn
818 2669 898 2706 nune
924 2650 1049 2707 dicimus
1080 2652 1148 2706 Irae
1170 2653 1298 2718 Ajamffl
1324 2655 1378 2706 Bra

185 2721 325 2776 Sanbulos
347 2719 406 2775 MS.
426 2721 508 2776 Flor.
529 2730 601 2777 teste
618 2723 675 2776 lac.
696 2723 787 2776 Gron-
806 2754 840 2766 -
859 2723 921 2778 ‹liia
939 2721 1007 2786 loci,
1024 2743 1052 2776 v.
1072 2723 1107 2778 ad
1125 2727 1153 2789 3,
1172 2727 1217 2789 69,
1235 2725 1263 2780 2.
1284 2725 1329 2779 dir
1345 2719 1378 2780 ui

186 2793 268 2850 Flor.
297 2801 332 2846 ut
355 2809 447 2864 saepe.
485 2821 518 2833 -
539 2795 696 2860 praecipua
722 2794 867 2862 religione
889 2795 1009 2848 Herculi
1031 2793 1112 2850 MSS.
1139 2794 1220 2851 Flor.
1249 2793 1331 2860 (teste
1347 2796 1378 2847 lai

186 2864 292 2932 Gron.)
311 2864 410 2920 Guelf.
429 2863 500 2921 Buri.
519 2864 603 2921 Harl.
622 2863 705 2918 Ball.
723 2865 779 2920 les.
801 2863 864 2920 edd.
884 2865 945 2918 Pus.
967 2871 992 2922 l.
1012 2869 1037 2924 2.
1056 2867 1122 2922 Riv.
1138 2865 1219 2923 Brot.
1233 2867 1327 2924 Oberl.
1342 2881 1378 2936 sqq

183 2953 231 3008 pr.
251 2937 303 2990 rel.
323 2935 458 2990 Herculis
476 2935 539 2992 edd.
559 2933 639 3006 Spir.
657 2935 722 2989 Ber.
742 2933 807 3002 (ubi
825 2936 910 2990 siluit
927 2937 1055 3006 Victor.)
1078 2935 1170 2992 Rhen-
1189 2945 1245 2992 cet.
1282 2941 1378 3004 „Parui

185 3009 323 3064 interest:
349 3025 418 3060 nam
434 3007 588 3076 praecipua
606 3007 750 3076 religione
769 3016 837 3061 sunt
854 3007 975 3062 ablativi
998 3009 1134 3075 absoluti,
1163 3008 1315 3064 intellecto
1338 3023 1378 3080 par

184 3080 291 3150 ticipio
308 3079 393 3134 verbi
412 3077 595 3144 substantivi,
614 3087 648 3132 ut
665 3080 702 3136 H.
722 3082 749 3145 4,
769 3081 814 3136 46.
844 3079 957 3132 diuersa
975 3083 1053 3147 sama
1070 3079 1226 3137 Demetrio.
1259 3063 1378 3136 Sententl

185 3158 246 3204 est:
265 3157 334 3204 rota
352 3149 409 3202 diis
429 3148 488 3204 loci
506 3151 691 3234 suscipiebat,
710 3151 790 3205 inter
809 3167 881 3222 quos
899 3153 1056 3276 praecipua
1074 3150 1182 3280 “illi‘’
1202 3161 1267 3207 erat
1278 3149 1378 3212 Hercul

184 3221 341 3280 Ernestius
367 3220 444 3274 male
468 3222 585 3274 Hercule
611 3213 704 3276 referi
729 3222 765 3276 ad
787 3227 853 3274 vata
876 3222 999 3291 suscipis
1017 3223 1075 3280 at.“
1142 3221 1215 3276 alth.
1259 3224 1347 3278 Immo
1375 3237 1378 3300 ι

183 3291 305 3346 Herculi
323 3289 485 3362 scripseris,
504 3291 637 3346 Ernestii
655 3294 729 3348 ratio
750 3293 916 3364 simplicior
942 3303 1001 3360 eet;
1028 3295 1053 3347 si
1072 3293 1216 3362 Herculia,
1245 3299 1323 3350 conf.
1342 3294 1378 3354 lm

184 3363 239 3418 111.
258 3382 287 3420 v.
306 3361 459 3416 Adiecliua
478 3363 511 3416 ire
528 3369 607 3416 serlo
626 3379 693 3418 cases
711 3365 837 3417 absolate
853 3363 963 3433 perita,
983 3365 1109 3436 adquae
1128 3366 1215 3420 etiam
1229 3369 1317 3424 refer.
1334 3361 1378 3426 Hi

183 3439 229 3492 46.
249 3435 363 3488 diversa
381 3435 458 3499 farsa
476 3434 632 3488 Demetrio.
671 3435 706 3488 ln
724 3435 783 3492 MS.
802 3436 883 3492 Flor.
904 3444 933 3492 et
952 3435 997 3490 ed.
1017 3435 1096 3509 Spir.
1112 3437 1273 3507 praecipue.
1292 3469 1323 3482 -
1338 3443 1378 3494 lert

181 3522 252 3630 plcre
270 3512 346 3560 atala
364 3503 422 3558 lilS.
440 3505 521 3558 Flor.
547 3505 608 3560 edd.
629 3507 706 3577 Lips.
725 3509 913 3577 posteriores,
942 3505 1024 3564 Picb.
1049 3527 1128 3580 seqq.
1155 3516 1279 3579 ternpore
1300 3511 1378 3568 etmel

214 3576 262 3630 SS.
283 3576 381 3631 Guell'.
401 3575 483 3633 Harl.
501 3574 584 3629 Bodl.
609 3577 667 3631 les.
694 3585 723 3630 et
747 3576 808 3631 edd.
828 3588 886 3635 ret.
908 3579 991 3636 Male.
1028 3581 1193 3650 „Tempore
1216 3587 1292 3636 alala
1315 3588 1356 3634 est
1376 3589 1378 3638 i

184 3657 265 3716 certo
283 3665 318 3702 ac
335 3647 467 3714 definito,
487 3647 564 3718 quad
582 3666 632 3701 sua
649 3649 714 3702 vice
733 3650 874 3714 recurrit,
893 3659 928 3704 ut
946 3651 981 3704 G.
1001 3652 1047 3708 39.
1067 3651 1124 3715 (lta
1143 3661 1172 3706 et
1189 3658 1284 3706 alatas
1297 3663 1378 3710 nterea

184 3725 231 3774 lua
248 3719 284 3773 H.
303 3722 331 3785 ³,
344 3722 394 3776 66.
415 3727 445 3772 et
462 3724 554 3772 alatos
572 3719 635 3772 dies
653 3720 688 3771 H.
707 3722 734 3786 4,
754 3721 811 3784 81.)
851 3721 984 3790 Tempore
1002 3729 1109 3776 elalula
1129 3731 1174 3778 est
1191 3731 1212 3776 t.
1232 3723 1378 3786 indictas}

183 3795 211 3856 1,
229 3794 274 3847 48.
294 3796 423 3844 statuane
441 3796 557 3857 tenipus.
576 3809 603 3843 v.
622 3789 713 3844 Drak.
733 3791 769 3844 ab
787 3791 851 3845 niv.
871 3797 915 3860 ll,
936 3795 979 3850 27.
1005 3801 1035 3848 et
1057 3793 1378 3870 Bausngarten·Crusiu

183 3863 215 3915 in
233 3861 315 3916 clave
334 3859 412 3916 Suet.
431 3879 460 3932 p.
482 3859 564 3918 735.“
584 3859 691 3916 Wallb.
718 3894 750 3906 -
771 3879 825 3932 per
843 3865 973 3934 quietem,
1000 3874 1034 3917 ut
1058 3865 1146 3936 paulo
1176 3875 1244 3936 post
1268 3873 1378 3928 noctura

182 3932 255 3988 airu.
274 3950 302 3986 r.
321 3934 401 3999 adl,
420 3935 465 3998 65,
484 3939 509 3990 1.
530 3965 563 3976 ·-·
582 3933 713 4000 temptam
732 3933 826 4002 iuxta,
846 3937 884 3992 cl.
903 3935 968 3989 luel.
988 3935 1042 3990 111.
1061 3936 1334 4006 r.Preepariliauer
1352 3949 1378 3994 ιιι

181 4003 307 4058 minibus
323 4004 508 4073 postpositae.
535 4031 569 4044 -··
587 4020 673 4076 equor
691 4005 807 4060 venatui
824 4007 981 4060 adornatae
998 4007 1105 4062 metant
1129 4017 1184 4063 cet
1204 4011 1306 4073 sniror,
1333 4017 1378 4078 poi

182 4084 324 4130 tentosam
341 4073 416 4129 hanc
433 4075 563 4130 rabulam
586 4077 638 4128 uni
657 4075 757 4132 Tacito
776 4087 979 4132 memoratam:
1004 4079 1088 4136 Brot.
1117 4107 1150 4124 -ω
1177 4082 1240 4136 aii:-
1266 4083 1298 4136 in
1322 4071 1378 4132 alsi

182 4147 282 4204 Guell.
302 4146 383 4202 Harl.
404 4147 461 4200 los.
476 4154 521 4200 ul.
543 4175 575 4185 —
594 4147 664 4200 telis
682 4155 816 4202 onustae:
843 4150 875 4202 in
894 4149 952 4206 MS.
973 4147 1070 4205 Guell.
1090 4157 1111 4204 l.
1131 4150 1276 4216 boraslae,
1301 4151 1349 4204 sed
1367 4150 1378 4212 il

181 4217 261 4272 MSS.
281 4219 336 4272 Vat
363 4221 443 4274 1863.
463 4221 542 4276 1864.
562 4226 591 4274 et
610 4219 654 4274 ed.
674 4217 752 4304 Spir.
772 4219 841 4274 lelie
859 4221 975 4274 causele
990 4230 1122 4287 onustam·
1141 4224 1218 4279 unde
1236 4217 1378 4278 lelisamnl

180 4289 266 4356 geria
282 4305 309 4344 a.
328 4291 405 4348 coni.
423 4289 502 4366 lips.
532 4299 562 4348 et
579 4297 601 4346 t.
620 4291 779 4360 missalibus
806 4309 834 4350 o.
858 4291 942 4350 Ariel-
979 4293 1074 4352 Credo
1097 4295 1235 4354 vitiosam
1252 4303 1282 4352 et
1300 4303 1378 4356 saar
