2800 4790
161 208 308 274 caros
329 209 473 276 xxva.
496 211 655 279 xxvm.
677 179 732 289 (Α.
746 212 793 294 u.
815 213 887 282 sos.
909 212 949 275 a.
973 210 1009 279 c.
1031 214 1098 292 se.)
1177 213 1241 278 sss
1275 197 1279 215 '

36 385 145 448 patrem
171 385 280 432 manet·
299 377 509 448 quodammodo
539 379 692 446 obnoxius,
726 396 831 451 nempe
862 379 902 433 ob'
931 379 1121 450 cupiditatem
1150 379 1241 434 iustas

37 449 178 504 libertatis.
216 448 414 504 Poeailenliae
436 459 557 506 estnon
581 449 651 506 dare
674 469 802 522 unquam
825 450 990 506 libertatem
1013 451 1128 518 iustam,
1157 450 1241 506 cuius

37 537 104 590 spem
120 521 245 574 feceris:
264 519 341 591 quod
359 522 403 588 fit,
423 523 448 574 si
466 523 574 594 prioris
592 523 728 578 beneficii
745 522 886 593 poenitet.
923 521 985 576 Cur
1002 539 1073 577 vero
1089 521 1119 577 h.
1131 520 1160 587 fl.
1179 521 1242 576 vin-

37 591 116 643 dictae
134 598 249 644 tantm
268 593 377 645 mentio
396 591 448 645 fite
485 593 557 660 Quia
574 594 763 647 manumissio
781 609 837 664 per
863 609 982 648 censum
1004 594 1156 648 rarissima
1180 600 1242 647 erat

36 670 59 713 ut
73 670 103 716 et
119 678 236 727 cenem,
256 670 285 716 et
302 665 537 716 manumissionis
554 681 609 734 per
626 671 833 719 testamentum
851 663 934 718 nulla
950 661 1002 718 laio
1020 665 1095 719 ratio
1112 662 1242 718 habenda

35 741 101 786 erat:
118 751 188 786 nam
207 735 249 786 sic
265 736 435 787 manumissi
453 751 512 788 non
532 735 643 810 ingrati
662 753 723 790 esse
740 741 863 805 possunt
882 753 952 810 erga
978 742 1145 805 patronum,
1172 751 1244 804 quo·

36 805 101 856 num
120 803 210 858 liberi
228 804 343 858 demum
361 806 437 858 flunt
453 814 522 876 post
538 814 664 860 mortem
683 805 776 860 eius·“
795 805 861 859 Era.
888 837 922 848 -
941 806 1018 862 Quos
1045 806 1175 859 uindicta
1189 821 1244 874 pa·

36 880 124 928 trenes
142 891 199 928 non
216 875 391 942 liberaverit,
409 877 485 930 relat
504 877 598 930 vinclo
617 876 765 930 serviretis
783 875 914 942 attineri,
934 877 973 934 cf.
998 875 1033 929 ad
1051 881 1078 943 1,
1096 879 1139 933 ³5.
1176 876 1245 932 Post

34 961 92 1013 quos
109 944 169 1002 blS.
191 943 290 1000 Guell.
307 945 395 1001 habet
411 945 502 1002 haee:
521 963 583 1010 „ra
601 977 632 988 -
654 944 823 1010 (Libertatis
840 947 994 999 donatione
1011 947 1096 999 immo
1113 943 1147 999 as⁰
1158 947 1244 1017 virga

33 1017 184 1082 praetoria)
204 1015 280 1070 cat.“
316 1015 450 1068 liberavit
468 1013 551 1070 MSS.
571 1014 670 1070 Gusli.
689 1015 771 1074 HarL
791 1015 873 1072 Bodl.
892 1017 948 1070 les.
980 1017 1074 1071 vinclo
1093 1015 1150 1073 MS.
1160 1018 1242 1072 Flor.

34 1095 112 1208 (tesso
130 1084 222 1152 vict.)
233 1083 285 1210 gd.
305 1082 422 1209 wdfflh'
440 1084 551 1140 vinculo
570 1084 640 1139 libri
653 1088 753 1142 ceteri.
773 1086 981 1158 -Ds'episeret
999 1088 1117 1160 quiaque
1128 1090 1242 1156 merila,

34 1173 86 1210 aa
170 1157 232 1210 r.'l
253 1189 260 1205 ·
279 1171 309 1209 n.
348 1195 356 1212 .

88 1156 318 1294 ‘tAegcripeilqae
336 1226 445 1280 Gestar
457 1226 579 1296 senatui,
605 1229 643 1281 cf.
669 1226 705 1281 ad
729 1245 759 1284 cs
772 1229 816 1286 26.
837 1246 865 1286 n.
885 1234 911 1285 1.
932 1255 965 1270 -
982 1230 1186 1301 expenderenta
1211 1232 1243 1287 in

34 1294 98 1350 llSS.
120 1296 206 1351 corb.
224 1295 305 1350 bodl.
326 1299 501 1364 expedirent.
527 1331 560 1343 -
586 1298 778 1352 incommune
803 1299 880 1353 nilsil
905 1301 1053 1370 derogent,
1080 1309 1114 1354 ut
1138 1318 1243 1373 supra:

34 1365 96 1420 silit
112 1369 312 1421 uniuersorum
331 1367 539 1423 libertinorum
557 1370 619 1422 iuri
636 1371 839 1438 derogandam.
865 1370 1002 1441 derogent
1021 1371 1103 1428 MSS.
1131 1381 1162 1426 et
1180 1373 1241 1430 edd.

34 1447 81 1494 ret.
116 1440 292 1508 derogarent
313 1439 376 1496 edd.
396 1440 469 1498 Ern.
489 1441 568 1495 Brut.
589 1448 618 1494 et
637 1440 674 1498 al.
711 1441 756 1495 lta
779 1441 1002 1520 corrigendum:
1027 1461 1094 1496 uam
1112 1452 1180 1497 ante
1198 1443 1243 1500 ds·-

34 1517 101 1562 tturn
119 1509 307 1578 expenderent
325 1520 354 1564 et
372 1519 531 1584 utrumque
556 1512 706 1579 ascripsit
732 1512 855 1584 paudet3
881 1515 952 1568 Ere.
988 1511 1068 1580 „Sed
1089 1515 1244 1585 utriusque

34 1581 104 1634 serbi
120 1583 197 1635 ratio
216 1581 286 1634 satis
313 1581 427 1637 diversa
454 1593 506 1638 est.
543 1583 739 1651 Expendmm
761 1584 843 1650 dicit,
869 1602 941 1655 quae
965 1585 1032 1640 tisri
1057 1593 1187 1656 possent,
1219 1587 1244 1640 si

34 1653 255 1706 tssuedareturs
287 1653 339 1707 eie
362 1653 532 1709 kbnnten
549 1654 599 1709 val
621 1653 796 1708 miichten
819 1661 912 1710 erarii
946 1673 1005 1722 ans
1028 1655 1105 1710 unde
1119 1656 1244 1742 ponitur

33 1722 59 1772 in
74 1725 212 1792 optativo.
255 1723 403 1793 Derogent
427 1741 497 1780 vero
522 1726 605 1791 dicit,
637 1726 714 1796 quod
737 1727 795 1778 iam
820 1726 888 1780 fieri
932 1725 997 1780 ebat
1021 1725 1050 1778 ia.
1063 1744 1088 1782 e.
1116 1726 1244 1781 iubetur.

33 1791 118 1868 igitur
133 1810 194 1848 non
211 1794 319 1866 pendet
337 1813 374 1850 ex
390 1797 715 1872 cogitationecasuum,
735 1798 786 1867 qui
804 1813 867 1850 esse
883 1804 1014 1867 possunt.
1048 1795 1099 1852 Sic
1117 1797 1243 1851 interro-

31 1869 169 1932 gestarit,
189 1869 233 1923 tt.
251 1865 302 1919 ubi
319 1884 347 1922 r.
367 1869 447 1922 not.“
471 1866 579 1922 Waltl.
601 1899 634 1910 -
653 1867 712 1920 Nec
729 1868 817 1922 mallo
833 1875 899 1937 post
923 1873 1037 1936 ereptae
1048 1877 1051 1890 ·
1062 1867 1168 1922 ansitae
1185 1869 1244 1923 Ne-

31 1937 101 1988 ronis
118 1935 265 1991 Domitiae
285 1938 335 2000 (ef.
356 1955 382 1993 c.
403 1939 459 2004 19.)
478 1939 600 1992 libertas
618 1938 705 1994 Paris
724 1966 756 1978 -
775 1939 916 1993 iudicium
935 1942 1014 1993 erate
1050 1939 1129 2006 „llis
1145 1939 1243 1994 verbis

33 2004 116 2060 lucem
134 2007 241 2061 affudit
259 2006 394 2064 Guiaoius
414 2011 485 2065 obss.
506 2014 550 2078 18,
569 2013 615 2078 23.
634 2009 765 2063 Domitia
782 2011 909 2064 Neronia
927 2010 1018 2064 sanita
1044 2009 1120 2077 (nisi
1142 2012 1243 2082 potius
1274 2066 1278 2076 ,

32 2075 168 2132 Domitiae
185 2077 216 2135 h.
232 2079 252 2134 l.
272 2081 358 2138 scrib.
381 2098 437 2153 pro
463 2081 580 2148 amitae)
603 2079 745 2148 Paridem,
775 2097 842 2136 acce
864 2087 894 2135 ta
918 2082 952 2134 ab
977 2097 1012 2136 eo
1035 2083 1161 2152 pecunia
1186 2099 1242 2154 pro

33 2148 165 2214 libertate,
185 2153 408 2220 manumiserat3
433 2161 522 2223 atque
545 2153 587 2205 its
609 2152 661 2206 hic
684 2152 735 2206 diu
757 2153 816 2206 ruit
860 2153 980 2207 omitias
1004 2151 1137 2208 libertus.
1175 2155 1244 2209 Post

30 2228 136 2275 remora
160 2221 298 2292 Principe
324 2225 401 2277 dixit
425 2243 455 2279 se
481 2241 543 2278 esse
567 2226 729 2302 ingenuum
747 2232 777 2278 et
795 2225 914 2278 veritati
938 2223 1135 2292 ingenuitatis
1163 2223 1243 2278 nihil

29 2291 138 2348 edicere
155 2295 421 2353 manumissionem
459 2295 540 2348 Vicit
558 2312 615 2348 non
633 2295 695 2348 siae
713 2295 836 2362 infanda
852 2295 1000 2366 Principis
1023 2295 1175 2368 mumque
1193 2313 1244 2368 pe-

30 2363 135 2416 cuniam
152 2364 284 2434 repetiit,
309 2373 344 2418 ut
367 2368 525 2438 accipimus
550 2383 586 2422 ex
604 2367 731 2438 Ulpiano
748 2365 787 2421 Di
809 2375 861 2421 est
880 2367 943 2424 xit.
968 2368 1015 2420 tit.
1034 2371 1061 2424 t.
1080 2368 1116 2422 de
1142 2367 1243 2422 condi·

29 2433 118 2488 ctione
136 2452 223 2488 causa
250 2435 317 2490 data
340 2436 399 2514 leg.
419 2443 445 2495 3.
471 2457 499 2493 m
519 2441 546 2493 b.
584 2438 721 2491 lulianus
742 2439 760 2490 l.
780 2386 833 2492 Pl
852 2437 923 2505 θὶς.
951 2437 1062 2504 scribit,
1087 2445 1243 2507 competere

29 2507 191 2560 massanissa
213 2507 411 2576 repetitionem
437 2527 476 2563 sc.
502 2510 653 2580 pecuniae.
689 2509 830 2564 Neratiae
853 2509 943 2564 eliam
964 2509 1038 2562 libre
1061 2509 1245 2564 Membrana-
1347 2517 1350 2528 ⁵

29 2590 84 2627 nna
100 2579 200 2644 refert,
228 2577 362 2632 Paridem
380 2581 587 2650 pantomimum
613 2597 632 2634 a
648 2581 782 2636 Domitia
797 2579 922 2634 Neronis
945 2579 1009 2646 filia
1031 2579 1122 2644 (corr.
1152 2582 1243 2636 amita

29 2651 187 2718 enepotius
206 2651 338 2716 canalio,
356 2653 434 2722 quod
451 2655 510 2706 iam
528 2653 680 2708 annotarit
697 2651 793 2724 lips.)
813 2651 915 2716 decern,
939 2665 1010 2720 qaae
1034 2648 1062 2702 ee‘
1083 2668 1137 2720 pro
1156 2651 1243 2705 liber-

30 2723 83 2771 tate
106 2721 235 2787 dederat,
268 2723 406 2791 repetisse
428 2740 481 2791 per
509 2723 640 2791 iadicem,
667 2739 718 2778 nec
741 2723 830 2790 fuisse
854 2721 1030 2794 miseritam.
1048 2733 1085 2774 an
1111 2721 1243 2777 Domitia

30 2791 114 2844 scieas
138 2793 260 2846 literam
284 2795 445 2864 accepisset.
489 2791 534 2850 Da
580 2793 691 2850 enerali
714 2795 856 2866 pecuniae
876 2809 986 2846 summa
1013 2792 1114 2864 accipe
1137 2794 1240 2862 decem,

29 2875 82 2943 ηομ
104 2863 139 2918 ds
164 2880 271 2966 exapta
286 2865 318 2919 K
336 2865 414 2920 mill.
433 2883 538 2952 num..
568 2883 682 2952 mmane
699 2875 764 2952 tum
787 2865 847 2920 fuit
869 2879 1020 2948 serrorum
1044 2865 1183 2935 pretium.
1210 2885 1241 2921 v.

30 2930 100 2988 Plus.
120 2938 150 3002 l,
166 2938 212 2994 33.
252 2936 335 2992 Brut.
371 2936 509 2994 Neratius
528 2937 640 2992 andscat
656 2953 811 3010 pecuniam
828 2951 885 3010 pro
903 2935 1039 2991 libertate
1056 2934 1161 2990 datam.

423 3091 617 3147 CAPUT
665 3089 837 3148 xxvttt.

106 3195 266 3264 Manebat
293 3199 511 3262 nihilominus
540 3197 699 3282 quaedam
725 3201 837 3287 imago
870 3199 924 3262 rei
954 3198 1123 3284 publicae:
1164 3206 1241 3263 nam

27 3279 113 3340 inter
131 3281 319 3345 Vibullium
339 3290 530 3365 praetorem
551 3294 586 3345 et
606 3282 720 3364 plebei
738 3283 913 3354 tribunum
922 3280 1108 3343 Antistium
1128 3291 1241 3346 ortum

27 3371 202 3444 mnemon,
224 3363 314 3447 quod
334 3365 549 3428 immodestos
569 3368 718 3428 fautores
744 3365 947 3427 histrionum
975 3371 1010 3429 et
1037 3382 1058 3425 s
1083 3374 1241 3446 praetore

26 3446 60 3504 in
93 3449 226 3510 uincula
266 3447 384 3511 ductos
419 3449 576 3512 tribunus
615 3449 728 3511 omitti
744 3449 922 3511 iussisset.
971 3446 1241 3530 (iomprobarere

26 3525 140 3593 Patres
167 3531 317 3594 incusata
337 3532 476 3596 Antistii
503 3533 649 3594 lieentia.
692 3530 799 3593 Simul
827 3531 993 3614 prohibiti
1020 3531 1161 3611 tribuni,
1187 3533 1240 3595 ius

26 3621 218 3689 praetorum
246 3622 281 3676 et
302 3616 477 3680 consulum
504 3616 700 3698 praeripere
728 3624 787 3676 aut
813 3634 935 3676 vocare
963 3613 1132 3696 exiistis,
1164 3633 1240 3679 cum

28 3695 145 3774 quibus
164 3696 236 3784 lege
258 3701 313 3786 agi
334 3706 454 3780 posset.
499 3695 639 3759 Addidit
659 3697 699 3760 L.
723 3696 800 3759 Piso
828 3693 1019 3785 designatus
1047 3698 1173 3771 consul,
1201 3719 1242 3761 ne

26 3779 105 3856 quid
124 3783 213 3842 intra
233 3780 354 3844 domam
369 3801 432 3862 pro
453 3790 615 3862 potestate
635 3780 848 3858 aduerterent,
872 3799 948 3843 neve
967 3780 1112 3842 mulctam
1133 3780 1175 3846 ab
1196 3785 1240 3846 iis

28 3861 142 3923 dictans
162 3873 348 3945 quaestores
369 3867 490 3928 aerarii
510 3868 546 3927 in
562 3863 712 3945 publicas
735 3861 864 3926 tabulae
892 3873 967 3926 onte
992 3871 1131 3944 qaalaor
1158 3883 1240 3927 rnen·

30 3963 76 4006 see
106 3945 282 4026 referrent:
321 3949 421 4013 medio
451 3950 600 4028 temporis
635 3957 749 4010 contra
780 3946 887 4010 dicere
924 3947 1045 4020 liceret,
1079 3946 1178 4028 deque
1203 3955 1240 4011 eb

29 4029 167 4092 consedes
187 4039 376 4098 statuerent.
418 4029 572 4094 Cohibita
592 4034 719 4094 arctius
740 4037 774 4092 et
794 4028 953 4093 aedilium
974 4037 1120 4114 potestas
1136 4037 1241 4092 statu-

28 4117 170 4193 tumque,
205 4123 365 4196 quantum
400 4115 547 4191 curules,
599 4121 739 4176 uantum
767 4113 877 4198 plebei
904 4115 1054 4198 pigneris
1082 4121 1241 4195 caperent

27 4195 76 4254 sel
105 4213 229 4276 poenae
259 4199 463 4285 irrogarent.
505 4196 552 4259 Eo
614 4195 757 4260 elvidius
783 4196 917 4258 Priscus
944 4195 1099 4259 tribunus
1132 4195 1239 4278 plebis

29 4275 184 4343 strenua
195 4278 433 4346 Obultronium
450 4279 614 4344 Sabinum
635 4281 761 4343 aerarii
781 4287 989 4362 quaestorem
1011 4279 1238 4343 contentiones
