2854 4788
167 286 171 298 ,
257 226 402 293 carun
425 227 518 294 xv1.
540 227 651 294 xv11.
682 189 869 308 (auen.
890 230 930 292 a.
951 227 1122 310 caer
1212 227 1273 297 aaa

47 391 154 448 dostm
178 394 216 448 ad
238 393 304 448 Vol.
324 393 348 453 1.
399 394 524 452 ‚xum
549 425 583 440 -·
620 394 788 464 captivitate
805 394 923 462 urbium,
951 413 979 452 r.
1000 393 1036 450 ad
1053 398 1099 461 ll,
1116 397 1162 461 Ἠ,
1180 397 1207 454 2
1243 397 1274 450 ia

4 485 5 488 ¹
47 465 223 535 captivitate
248 483 276 518 a.
303 466 347 520 ed.
368 411 444 536 Spin
465 497 498 508 -
519 467 624 520 ‘semel
640 467 726 532 edito,
770 475 814 520 ost
836 485 901 519 uam
920 463 1011 520 seme'l
1030 466 1149 528 editum,
1172 483 1274 522 narra·

49 546 116 590 tum
127 537 165 590 da
174 553 207 592 ea
218 553 251 590 re
261 544 321 602 eat,
337 535 444 591 Waltlt.
464 536 510 590 ct.
520 538 556 591 ad
567 542 592 602 l,
603 540 647 603 46,
660 543 683 593 1.
703 546 733 592 ct
747 485 841 592 lnal

49 608 90 661 tn*
101 615 182 662 reeta
201 623 267 662 caea
286 609 410 661 abretutc
426 607 533 676 perita.
553 607 629 662 edita
648 607 725 666 MSS.
736 608 815 666 Flor.
836 609 913 674 (teat.
931 609 1006 662 Viot
1022 617 1051 662 et
1067 609 1168 670 Furia)
1187 607 1272 667 Corb.

49 679 116 732 edd.
137 679 213 749 Spir.
231 677 349 734 walth.
386 679 478 734 edicta
501 677 560 735 MS.
586 678 658 732 Bud.
686 679 797 736 editam,
810 678 1026 747 (memoratam,
1044 679 1196 747 traditam)
1214 680 1271 736 MS.

50 749 154 807 Gueli.
174 757 204 804 et
221 748 285 804 cdd.
305 758 359 806 cet.
380 782 414 794 -
451 751 576 804 trauain
604 750 732 806 silentio.
753 781 785 792 -
822 751 851 805 1>
867 757 914 804 tur
940 747 991 804 loc
1014 750 1173 804 illustrium
1195 751 1273 804 uiro-

49 838 116 874 rum
137 821 317 888 porteritati,
349 839 378 874 r.
404 819 439 876 ad
460 827 483 887 1,
504 827 529 887 7,
549 824 577 878 8.
614 822 717 875 dentur
743 819 810 875 taes
835 819 893 878 ilS.
913 821 984 896 lieg.
1004 847 1037 858 —
1073 837 1092 874 a
1132 819 1273 878 rotatecus

48 891 224 957 (communi,
255 891 388 968 vulgari)
423 893 569 961 acpaltara
595 891 653 950 MS.
680 892 761 948 Flor.
787 895 872 958 (testa
889 892 978 964 Vict)
1003 890 1066 948 edd.
1136 911 1181 948 cn.
1200 896 1226 950 l.
1245 897 1272 950 3.

48 981 116 1037 sqq.
146 977 164 1014 a
180 963 343 1030 promiscua
360 961 438 1018 MSS.
459 964 540 1020 Harl.
560 961 642 1021 Bodl.
662 965 717 1020 las.
737 964 836 1021 Guelf.
856 964 961 1034 omisso
984 962 1084 1017 vocab.
1120 965 1273 1032 repetitura,

51 1033 135 1102 quod
154 1034 282 1087 additum
302 1035 395 1088 estin
413 1053 499 1111 marg
525 1035 609 1089 Bodl·
630 1044 658 1090 et
677 1035 775 1092 Gueli.
812 1051 847 1088 ac
867 1032 1027 1103 promiscua
1045 1034 1189 1103 sepulchra
1208 1034 1272 1090 edd.

48 1103 132 1174 Spin.
153 1103 261 1162 rutnl.
280 1107 306 1160 Ἰ.
325 1104 390 1163 Ber.
409 1105 500 1160 Rham
522 1110 546 1161 1.
584 1121 603 1159 a
619 1106 752 1177 proxima
778 1107 921 1176 equitare
939 1105 995 1161 MS·
1015 1105 1084 1160 Bud.
1106 1139 1137 1154 -
1174 1121 1273 1178 rupre-

47 1191 171 1244 raorttm,
192 1176 410 1244 v,ad1,8,1.
1272 1197 1275 1204 ’

485 1299 678 1360 CAPUT
722 1302 836 1362 xv11.

136 1405 265 1469 Paucos
294 1409 416 1491 quippe
442 1410 533 1472 intra
561 1409 636 1473 dies
665 1407 783 1472 eodem
812 1401 834 1471 a
890 1414 943 1474 'ne
969 1412 1125 1476 Annaeus
1153 1412 1273 1494 Malla,

49 1486 195 1552 Cerialis
226 1489 374 1564 Anicius,
406 1491 522 1550 Rufius
556 1490 633 1549 Cris
658 1495 733 1550 inus
765 1509 804 1550 ac
832 1431 1079 1556 &Petronius
1111 1491 1272 1554 cecidere.

49 1565 160 1628 Mella
192 1578 226 1630 et
247 1566 422 1650 Crispinus
454 1569 604 1650 Equitesx
647 1570 758 1631 omani
780 1568 943 1654 dignitate
970 1573 1158 1634 senatoria:
1197 1591 1275 1634 nam
1309 1613 1322 1633 a

49 1651 107 1710 hio
140 1647 303 1732 quondam
337 1653 525 1734 praefectus
561 1653 725 1734 praetorii
761 1658 796 1712 et
823 1652 1055 1714 consularibus
1091 1653 1275 1737 insignibar

50 1730 196 1794 donatus
224 1751 262 1792 ac
288 1753 397 1816 nuper
426 1735 569 1796 crimina
590 1733 832 1795 coniurationis
861 1737 897 1794 in
918 1733 1108 1796 Sardiniam
1129 1742 1274 1812 exactus,

50 1821 190 1894 accepto
211 1815 321 1891 iussae
342 1818 461 1880 mortis
490 1817 622 1894 nuntio,
655 1821 760 1878 semet
787 1817 966 1880 interiecit.
1008 1815 1122 1894 Mella,
1156 1817 1275 1898 quibua

51 1893 166 1958 Gallio
188 1905 223 1958 et
244 1896 379 1976 Seneca,
400 1899 594 1980 parentibus
616 1906 712 1959 natus
733 1899 897 1980 petitione
917 1896 1083 1960 honorum
1105 1899 1274 1961 abstinue-

50 1985 107 2040 rat
128 1997 190 2060 per
211 1980 424 2042 ambitionem
447 1988 709 2064 praeposteram,
741 1988 780 2040 ut
800 1980 905 2063 Eques
926 1981 1093 2044 Romanus
1121 1982 1273 2044 consula·

50 2061 147 2126 ribus
170 2064 319 2143 potentia
339 2071 556 2146 aequaretur:
586 2063 685 2127 simul
707 2062 929 2144 acquirendae
951 2066 1110 2146 pecuniae
1137 2065 1275 2128 brevius

50 2146 122 2206 iter
143 2142 301 2207 credebat
320 2164 383 2228 per
404 2147 659 2228 procurationes
687 2143 959 2208 administrandis
987 2145 1152 2231 Principis
1174 2167 1275 2234 nago-
1331 2213 1335 2221 ,

49 2229 120 2289 tiis.
164 2226 254 2291 Idem
276 2228 449 2291 Annaeum
481 2230 653 2292 Lucanum
681 2239 854 2314 genuerat,
887 2228 1014 2316 grande
1046 2229 1275 2294 adiumentum

49 2308 275 2374 claritudinis.
318 2311 392 2374 Quo
412 2313 605 2390 interiecto,
635 2310 714 2373 dum
736 2331 808 2373 rem
837 2314 1034 2377 familiarem
1057 2315 1128 2377 eiua
1149 2315 1275 2376 acriter

49 2393 210 2474 requirit,
243 2401 470 2456 accusatorem
498 2396 645 2456 concivit
677 2395 815 2456 Fabium
850 2394 1035 2460 Romanum
1076 2416 1115 2458 ex
1148 2397 1275 2458 intimia
1336 2421 1340 2428 ·

49 2476 182 2554 Lucani
217 2477 341 2540 amicis,
399 2475 507 2538 Mixta
541 2479 631 2538 inter
665 2483 795 2554 patrem
829 2476 1000 2559 filiumque
1033 2479 1274 2542 coniurationia

50 2560 192 2621 scientia
212 2559 364 2646 fingitur,
387 2560 579 2622 assimilatis
600 2559 729 2619 Lucani
752 2558 869 2637 literis,
893 2579 972 2639 quas
993 2561 1158 2641 inspectas
1179 2561 1274 2624 Nero

48 2643 138 2704 ierri
159 2639 201 2702 ed
222 2663 298 2704 enm
320 2643 418 2704 iussit
439 2641 559 2726 opibus
586 2641 657 2702 eina
689 2640 831 2704 inhians.
873 2639 919 2702 At
939 2639 1054 2713 Mella,
1086 2662 1169 2725 quae
1200 2651 1275 2706 tum

49 2725 299 2807 promptissima
319 2727 438 2786 mortis
459 2727 525 2802 vie,
547 2725 690 2787 exsolvit
710 2742 823 2802 venas,
844 2725 978 2806 scriptis
1000 2722 1179 2801 codicillis,
1201 2729 1273 2809 qui·

49 2809 111 2870 bna
132 2806 292 2893 grandem
314 2809 488 2890 pecuniam
510 2809 544 2869 in
568 2805 773 2894 Tigellinum
795 2825 1023 2893 generumque
1048 2809 1120 2873 eius
1153 2806 1273 2870 Cossu-

48 2894 181 2952 tianum
216 2889 412 2973 Capitonem
446 2891 616 2976 erogabat,
655 2908 720 2973 qno
749 2897 861 2951 cetera
889 2899 1072 2957 manerent.
1126 2888 1274 2952 Additur

49 2973 216 3035 codicillis
249 2982 404 3058 tanquam
430 2972 472 3035 de
499 2975 549 3034 iui
571 2975 677 3035 uitato
706 2973 802 3035 exitii
829 2979 970 3055 querens
998 2973 1047 3034 ita
1077 2975 1273 3056 scripsisse:
1309 3021 1312 3026 .

49 3055 229 3140 sequidem
249 3061 330 3120 mori
350 3055 449 3120 nullia
470 2995 624 3137 suppleti
651 3059 774 3130 cousin
801 3053 929 3139 Raetiam
957 3065 1059 3119 autem
1088 3053 1273 3137 Crispinum
1297 3087 1299 3092 ·

49 3149 82 3200 ct
103 3136 255 3202 Anicium
281 3138 438 3204 Cerialem
465 3142 533 3203 uita
555 3138 627 3218 frui
657 3139 803 3219 infensos
823 3136 982 3219 Principi.
1024 3139 1117 3202 Quae
1138 3159 1273 3224 compo-

49 3223 114 3284 sita
138 3221 362 3287 credebantur
384 3221 426 3285 de
447 3220 617 3306 Crispino,
639 3224 717 3305 qnia
737 3224 932 3285 interiectus
954 3228 1039 3298 arat,
1067 3221 1108 3290 de
1129 3221 1272 3302 Ceriale,

48 3314 88 3368 nt
109 3304 380 3369 interficereturr
413 3326 522 3388 neque
551 3307 640 3368 enim
669 3306 774 3368 multo
796 3313 873 3387 post
892 3304 962 3368 vim
990 3305 1055 3366 sibi
1076 3307 1190 3376 attulit
1210 3309 1273 3369 mi-

50 3407 136 3451 nore
157 3407 254 3471 quam
276 3391 380 3451 ceteri
401 3391 627 3468 miseratione,
651 3389 729 3471 quia
749 3385 919 3472 proditam
941 3385 978 3448 C.
1001 3385 1134 3450 Caesari
1156 3391 1272 3452 coniu-

50 3473 218 3534 rationem
244 3472 285 3533 ab
312 3489 353 3534 eo
379 3473 608 3535 meminerant.

843 537 884 589 11.
899 555 929 590 r.
939 537 1100 606 Participia
1110 539 1185 607 pert.
1194 553 1271 606 para.

123 3593 148 3646 1.
169 3587 200 3646 Ι..
219 3587 355 3643 Annaeus
371 3589 473 3658 Melta,
491 3596 576 3662 pater
593 3588 704 3644 Annaei
721 3588 830 3644 Ascani
847 3605 881 3644 ac
897 3589 991 3644 irater
1017 3586 1158 3644 Gallionis
1175 3596 1203 3644 et
1221 3588 1272 3646 Se·

49 3675 144 3714 neca.
177 3658 224 3714 Cf.
252 3660 287 3714 ad
310 3664 356 3727 15,
374 3664 419 3727 78,
443 3664 470 3719 t.
505 3658 638 3716 Annaeus
664 3661 726 3718 edd.
750 3661 828 3732 lips.
853 3677 915 3782 sqq.
953 3661 1067 3716 Anum
1092 3659 1170 3718 MSS.
1190 3660 1270 3716 Flor.

49 3731 149 3787 Gnalt.
169 3729 232 3785 edd.
252 3730 271 3785 S
294 3731 329 3785 ir.
348 3730 440 3788 Rhea.
459 3736 486 3788 2.
506 3731 766 3788 3.A1d.Amaus
791 3729 851 3786 edd.
892 3739 936 3786 nt.
959 3736 984 3785 i.
1002 3736 1028 3788 ².
1048 3723 1113 3788 Ber.
1132 3730 1223 3786 Rhea.
1243 3737 1269 3788 1.

50 3803 132 3858 Mela
156 3801 241 3858 MSS.
267 3749 349 3859 llos.
374 3803 453 3870 (test.
472 3804 546 3857 vict.
573 3811 602 3858 at
627 3803 729 3868 Furia)
754 3803 826 3859 Bud.
852 3803 915 3858 add.
938 3801 1016 3874 Spir.
1036 3802 1115 3858 Brot.
1133 3801 1223 3860 Baka
1242 3805 1270 3859 2

49 3875 123 3928 Ritt.
160 3875 253 3928 Melta
271 3873 329 3931 MS.
350 3874 445 3929 Gneli.
464 3881 494 3930 et
513 3873 575 3931 edd.
596 3883 651 3932 cet.
663 3905 696 3918 -
723 3873 849 3928 Cerialia
866 3873 988 3931 Anicius
1004 3871 1064 3928 MS.
1084 3873 1163 3929 Flor.
1182 3874 1271 3940 (testa

50 3945 140 4010 Vict.)
158 3945 220 4001 edd.
240 3943 319 4016 Spir.
339 3944 430 4000 Rhen.
443 3947 469 4002 2.
485 3949 512 4002 3.
533 3964 594 4017 sqq.
613 3954 648 3998 ut
665 3947 712 4013 15,
729 3950 774 4002 rt.
795 3945 827 3999 in
845 3946 979 4000 omnibns
998 3945 1091 3999 librie.
1111 3945 1142 4000 C·
1156 3945 1271 4000 anitiae

49 4017 107 4072 ns.
130 4015 487 4074 annumeranti.
511 4016 578 4072 Ber.
602 4016 695 4074 liban.
715 4021 740 4071 1.
778 4014 835 4071 Sed
857 4017 945 4088 paulo
967 4025 1034 4086 post
1050 4016 1185 4070 Anicium
1210 4014 1269 4072 MS.

50 4088 150 4145 Gncli.
170 4088 235 4144 edd.
255 4085 348 4146 Rhnn.
367 4092 393 4145 Ἰ.
413 4091 440 4143 ³.
460 4105 522 4159 sqq.
540 4088 673 4144 Aritium
690 4086 753 4142 edd.
773 4089 836 4140 Pnt
855 4093 883 4143 1.
901 4093 927 4143 i.
954 4087 1173 4144 asneheun
1210 4086 1271 4141 Aa·
1353 4111 1356 4120 ·

52 4161 143 4213 uitam
161 4158 205 4216 ed.
223 4159 301 4231 Spir.
320 4193 354 4204 -
390 4160 488 4226 Rufina
506 4159 658 4229 crispinae
675 4157 738 4212 edd.
757 4158 851 4232 Ryclt.
869 4159 942 4214 Ern.
961 4175 1023 4228 sqq.
1041 4157 1142 4226 esau·
1160 4159 1191 4214 G.
1210 4157 1289 4218 MS..

50 4231 120 4285 Bud.
140 4228 203 4288 add.
224 4230 303 4301 Spin.
322 4232 386 4286 Put.
407 4235 432 4287 l.
450 4233 477 4288 2·
501 4229 595 4298 Ratae
612 4231 644 4288 0.
669 4229 729 4285 MS.
749 4230 848 4285 Gueli.
867 4228 929 4284 edd.
947 4229 1012 4286 Ber.
1031 4247 1094 4301 sqq.
1124 4229 1159 4284 ad
1175 4229 1269 4300 Ryck.

50 4301 100 4358 Sic
117 4309 149 4358 et
165 4301 255 4371 panio
272 4311 339 4374 port
355 4303 467 4371 aarum
483 4302 547 4358 aaa
566 4303 630 4358 ller-
649 4301 740 4358 Rhea,
761 4307 784 4358 1.
803 4300 896 4372 llyck.
914 4300 987 4356 arn.
1006 4317 1074 4372 sqq,
1097 4300 1154 4358 Sed
1166 4301 1270 4369 Mam
