<?xml version="1.0" encoding="UTF-8"?>
<!DOCTYPE html PUBLIC "-//W3C//DTD XHTML 1.0 Transitional//EN"
    "http://www.w3.org/TR/xhtml1/DTD/xhtml1-transitional.dtd">
<html xmlns="http://www.w3.org/1999/xhtml" xml:lang="en" lang="en">
 <head>
  <title>
</title>
<meta http-equiv="Content-Type" content="text/html;charset=utf-8" />
  <meta name='ocr-system' content='tesseract 3.04.00' />
  <meta name='ocr-capabilities' content='ocr_page ocr_carea ocr_par ocr_line ocrx_word'/>
</head>
<body>
  <div class='ocr_page' id='page_1' title='image "./ccorneliitaciti26tacigoog_0356.png"; bbox 0 0 2814 4792; ppageno 0'>
   <div class='ocr_carea' id='block_1_1' title="bbox 249 236 1237 324">
    <p class='ocr_par' dir='ltr' id='par_1_1' title="bbox 249 236 1237 324">
     <span class='ocr_line' id='line_1_1' title="bbox 249 236 1237 324; baseline 0.004 -19"><span class='ocrx_word' id='word_1_1' title='bbox 249 238 395 306; x_wconf 80' lang='lat' dir='ltr'>CAPUT</span> <span class='ocrx_word' id='word_1_2' title='bbox 414 237 508 306; x_wconf 77' lang='lat' dir='ltr'><strong>LIX.</strong></span> <span class='ocrx_word' id='word_1_3' title='bbox 529 237 605 310; x_wconf 69' lang='lat' dir='ltr'>Lx</span> <span class='ocrx_word' id='word_1_4' title='bbox 635 236 740 318; x_wconf 70' lang='lat' dir='ltr'>(Ml.</span> <span class='ocrx_word' id='word_1_5' title='bbox 755 237 829 308; x_wconf 80' lang='lat' dir='ltr'>eto.</span> <span class='ocrx_word' id='word_1_6' title='bbox 849 238 1017 324; x_wconf 64' lang='lat' dir='ltr'>aaut)</span> <span class='ocrx_word' id='word_1_7' title='bbox 1174 237 1237 312; x_wconf 69' lang='lat' dir='ltr'>ill</span> 
     </span>
    </p>
   </div>
   <div class='ocr_carea' id='block_1_2' title="bbox 22 399 1289 2477">
    <p class='ocr_par' dir='ltr' id='par_1_2' title="bbox 22 399 1289 2477">
     <span class='ocr_line' id='line_1_2' title="bbox 27 399 1237 538; baseline 0.002 -2"><span class='ocrx_word' id='word_1_8' title='bbox 27 407 302 536; x_wconf 57' lang='lat' dir='ltr'>iffiffl</span> <span class='ocrx_word' id='word_1_9' title='bbox 320 399 646 538; x_wconf 53' lang='lat' dir='ltr'>iiiiiffli’</span> <span class='ocrx_word' id='word_1_10' title='bbox 663 407 1237 538; x_wconf 60' lang='lat' dir='ltr'>le¹⁰t0l¹⁰ttn⁰t¹t⁰ttuttt</span> 
     </span>
     <span class='ocr_line' id='line_1_3' title="bbox 28 497 1236 635; baseline -0.001 -27"><span class='ocrx_word' id='word_1_11' title='bbox 28 499 95 624; x_wconf 64' lang='lat' dir='ltr'>qioe</span> <span class='ocrx_word' id='word_1_12' title='bbox 111 521 212 607; x_wconf 81' lang='lat' dir='ltr'>tamen</span> <span class='ocrx_word' id='word_1_13' title='bbox 230 497 357 635; x_wconf 60' lang='lat' dir='ltr'>stniiirse</span> <span class='ocrx_word' id='word_1_14' title='bbox 374 551 530 624; x_wconf 83' lang='lat' dir='ltr'>quaerebat</span> <span class='ocrx_word' id='word_1_15' title='bbox 545 497 893 607; x_wconf 53' lang='grc' dir='ltr'><strong>ἰιΠικΡὶΠίιιιθξιιιίοἱῐίε.</strong></span> <span class='ocrx_word' id='word_1_16' title='bbox 919 551 996 610; x_wconf 83' lang='lat' dir='ltr'>Anu.</span> <span class='ocrx_word' id='word_1_17' title='bbox 1014 555 1059 617; x_wconf 82' lang='grc'>11,</span> <span class='ocrx_word' id='word_1_18' title='bbox 1077 498 1133 609; x_wconf 62' lang='lat' dir='ltr'>59·e</span> <span class='ocrx_word' id='word_1_19' title='bbox 1159 499 1236 624; x_wconf 50' lang='lat' dir='ltr'>quini</span> 
     </span>
     <span class='ocr_line' id='line_1_4' title="bbox 28 623 1238 752; baseline 0.002 -4"><span class='ocrx_word' id='word_1_20' title='bbox 28 623 520 750; x_wconf 57' lang='lat' dir='ltr'>tttsitzntetttst:</span> <span class='ocrx_word' id='word_1_21' title='bbox 534 637 625 752; x_wconf 61' lang='lat' dir='ltr'>”ii</span> <span class='ocrx_word' id='word_1_22' title='bbox 643 631 698 748; x_wconf 63' lang='lat'>⁰5?</span> <span class='ocrx_word' id='word_1_23' title='bbox 717 623 799 748; x_wconf 72' lang='lat' dir='ltr'>itt</span> <span class='ocrx_word' id='word_1_24' title='bbox 816 623 1006 751; x_wconf 47' lang='lat' dir='ltr'>tinet?</span> <span class='ocrx_word' id='word_1_25' title='bbox 1026 623 1175 752; x_wconf 56' lang='lat' dir='ltr'>liiii</span> <span class='ocrx_word' id='word_1_26' title='bbox 1193 627 1238 751; x_wconf 63' lang='lat' dir='ltr'>sii</span> 
     </span>
     <span class='ocr_line' id='line_1_5' title="bbox 28 713 1237 839; baseline -0.002 -17"><span class='ocrx_word' id='word_1_27' title='bbox 28 768 88 822; x_wconf 65' lang='lat' dir='ltr'>&amp;ll</span> <span class='ocrx_word' id='word_1_28' title='bbox 107 767 171 824; x_wconf 75' lang='lat' dir='ltr'>Cat</span> <span class='ocrx_word' id='word_1_29' title='bbox 191 770 235 825; x_wconf 70' lang='lat'>20.</span> <span class='ocrx_word' id='word_1_30' title='bbox 255 775 286 822; x_wconf 86' lang='lat' dir='ltr'>et</span> <span class='ocrx_word' id='word_1_31' title='bbox 301 731 419 824; x_wconf 58' lang='lat' dir='ltr'>berica:</span> <span class='ocrx_word' id='word_1_32' title='bbox 454 713 634 834; x_wconf 40' lang='lat' dir='ltr'>‚siiuilshvero</span> <span class='ocrx_word' id='word_1_33' title='bbox 653 738 708 821; x_wconf 75' lang='lat' dir='ltr'>sibi</span> <span class='ocrx_word' id='word_1_34' title='bbox 726 733 922 836; x_wconf 73' lang='lat' dir='ltr'>persnadebit,</span> <span class='ocrx_word' id='word_1_35' title='bbox 939 733 1028 822; x_wconf 62' lang='lat' dir='ltr'>ieris</span> <span class='ocrx_word' id='word_1_36' title='bbox 1046 733 1114 835; x_wconf 70' lang='lat' dir='ltr'>nien</span> <span class='ocrx_word' id='word_1_37' title='bbox 1130 734 1237 839; x_wconf 58' lang='lat' dir='ltr'>induit,</span> 
     </span>
     <span class='ocr_line' id='line_1_6' title="bbox 27 836 1237 911; baseline 0.001 -19"><span class='ocrx_word' id='word_1_38' title='bbox 27 840 91 894; x_wconf 83' lang='lat' dir='ltr'>Nero</span> <span class='ocrx_word' id='word_1_39' title='bbox 110 871 144 884; x_wconf 91' lang='lat'>-</span> <span class='ocrx_word' id='word_1_40' title='bbox 162 854 253 908; x_wconf 80' lang='lat' dir='ltr'>perae</span> <span class='ocrx_word' id='word_1_41' title='bbox 271 847 326 894; x_wconf 89' lang='lat' dir='ltr'>oet.</span> <span class='ocrx_word' id='word_1_42' title='bbox 346 847 412 892; x_wconf 87' lang='lat' dir='ltr'>tum</span> <span class='ocrx_word' id='word_1_43' title='bbox 430 855 447 894; x_wconf 88' lang='lat' dir='ltr'>e</span> <span class='ocrx_word' id='word_1_44' title='bbox 464 838 591 892; x_wconf 86' lang='lat' dir='ltr'>Neronis</span> <span class='ocrx_word' id='word_1_45' title='bbox 610 852 661 892; x_wconf 91' lang='lat' dir='ltr'>ore</span> <span class='ocrx_word' id='word_1_46' title='bbox 679 853 776 892; x_wconf 88' lang='lat' dir='ltr'>coram</span> <span class='ocrx_word' id='word_1_47' title='bbox 794 836 975 893; x_wconf 70' lang='lat' dir='ltr'>audientibus</span> <span class='ocrx_word' id='word_1_48' title='bbox 993 840 1145 911; x_wconf 79' lang='lat' dir='ltr'>proiecta?</span> <span class='ocrx_word' id='word_1_49' title='bbox 1170 840 1237 910; x_wconf 83' lang='lat' dir='ltr'>quis</span> 
     </span>
     <span class='ocr_line' id='line_1_7' title="bbox 28 908 1238 983; baseline 0 -19"><span class='ocrx_word' id='word_1_50' title='bbox 28 929 75 965; x_wconf 89' lang='lat' dir='ltr'>non</span> <span class='ocrx_word' id='word_1_51' title='bbox 93 913 186 967; x_wconf 84' lang='lat' dir='ltr'>sentit</span> <span class='ocrx_word' id='word_1_52' title='bbox 202 909 275 964; x_wconf 84' lang='lat' dir='ltr'>haec</span> <span class='ocrx_word' id='word_1_53' title='bbox 294 927 311 962; x_wconf 91' lang='lat' dir='ltr'>a</span> <span class='ocrx_word' id='word_1_54' title='bbox 326 911 443 964; x_wconf 84' lang='lat' dir='ltr'>Nerone</span> <span class='ocrx_word' id='word_1_55' title='bbox 460 918 491 964; x_wconf 90' lang='lat' dir='ltr'>at</span> <span class='ocrx_word' id='word_1_56' title='bbox 533 927 548 964; x_wconf 88' lang='lat' dir='ltr'>e</span> <span class='ocrx_word' id='word_1_57' title='bbox 566 908 621 962; x_wconf 89' lang='lat' dir='ltr'>tali</span> <span class='ocrx_word' id='word_1_58' title='bbox 639 908 789 964; x_wconf 73' lang='lat' dir='ltr'>occasione</span> <span class='ocrx_word' id='word_1_59' title='bbox 808 909 902 976; x_wconf 81' lang='lat' dir='ltr'>aliena</span> <span class='ocrx_word' id='word_1_60' title='bbox 921 925 979 964; x_wconf 89' lang='lat' dir='ltr'>non</span> <span class='ocrx_word' id='word_1_61' title='bbox 1002 909 1096 964; x_wconf 88' lang='lat' dir='ltr'>solum</span> <span class='ocrx_word' id='word_1_62' title='bbox 1113 918 1238 983; x_wconf 87' lang='lat' dir='ltr'>propter</span> 
     </span>
     <span class='ocr_line' id='line_1_8' title="bbox 27 979 1238 1065; baseline -0.001 -29"><span class='ocrx_word' id='word_1_63' title='bbox 27 985 107 1036; x_wconf 84' lang='lat' dir='ltr'>totius</span> <span class='ocrx_word' id='word_1_64' title='bbox 124 979 242 1054; x_wconf 88' lang='lat' dir='ltr'>periodi</span> <span class='ocrx_word' id='word_1_65' title='bbox 260 988 448 1047; x_wconf 68' lang='lat' dir='ltr'>suucturam,</span> <span class='ocrx_word' id='word_1_66' title='bbox 467 999 480 1034; x_wconf 91' lang='lat' dir='ltr'>s</span> <span class='ocrx_word' id='word_1_67' title='bbox 536 979 624 1034; x_wconf 89' lang='lat' dir='ltr'>etiam</span> <span class='ocrx_word' id='word_1_68' title='bbox 641 987 765 1065; x_wconf 85' lang='lat' dir='ltr'>propter</span> <span class='ocrx_word' id='word_1_69' title='bbox 781 989 928 1052; x_wconf 86' lang='lat' dir='ltr'>postrema</span> <span class='ocrx_word' id='word_1_70' title='bbox 945 981 1007 1036; x_wconf 86' lang='lat' dir='ltr'>eius</span> <span class='ocrx_word' id='word_1_71' title='bbox 1024 979 1114 1040; x_wconf 79' lang='lat' dir='ltr'>verba</span> <span class='ocrx_word' id='word_1_72' title='bbox 1140 997 1238 1052; x_wconf 77' lang='lat' dir='ltr'>psam·</span> 
     </span>
     <span class='ocr_line' id='line_1_9' title="bbox 28 1050 1236 1124; baseline 0.003 -18"><span class='ocrx_word' id='word_1_73' title='bbox 28 1055 62 1106; x_wconf 81' lang='lat' dir='ltr'>sia</span> <span class='ocrx_word' id='word_1_74' title='bbox 78 1084 112 1095; x_wconf 95' lang='lat'><em>-</em></span> <span class='ocrx_word' id='word_1_75' title='bbox 133 1067 259 1121; x_wconf 69' lang='lat' dir='ltr'>mosen,</span> <span class='ocrx_word' id='word_1_76' title='bbox 334 1052 447 1107; x_wconf 84' lang='lat' dir='ltr'>eNerc</span> <span class='ocrx_word' id='word_1_77' title='bbox 466 1059 547 1108; x_wconf 85' lang='lat' dir='ltr'>certe</span> <span class='ocrx_word' id='word_1_78' title='bbox 564 1068 624 1104; x_wconf 86' lang='lat' dir='ltr'>non</span> <span class='ocrx_word' id='word_1_79' title='bbox 642 1050 763 1105; x_wconf 75' lang='lat' dir='ltr'>addidit.</span> <span class='ocrx_word' id='word_1_80' title='bbox 800 1052 920 1107; x_wconf 79' lang='lat' dir='ltr'>Accedit</span> <span class='ocrx_word' id='word_1_81' title='bbox 943 1050 1020 1124; x_wconf 83' lang='lat' dir='ltr'>quod</span> <span class='ocrx_word' id='word_1_82' title='bbox 1043 1051 1099 1108; x_wconf 91' lang='lat' dir='ltr'>Dio</span> <span class='ocrx_word' id='word_1_83' title='bbox 1123 1055 1168 1120; x_wconf 81' lang='lat' dir='ltr'>dt,</span> <span class='ocrx_word' id='word_1_84' title='bbox 1192 1055 1236 1110; x_wconf 82' lang='lat'>1⁴.</span> 
     </span>
     <span class='ocr_line' id='line_1_10' title="bbox 26 1121 1237 1195; baseline 0 -17"><span class='ocrx_word' id='word_1_85' title='bbox 26 1124 173 1180; x_wconf 79' lang='lat' dir='ltr'>desudem</span> <span class='ocrx_word' id='word_1_86' title='bbox 191 1123 269 1178; x_wconf 83' lang='lat' dir='ltr'>haud</span> <span class='ocrx_word' id='word_1_87' title='bbox 305 1125 371 1178; x_wconf 86' lang='lat' dir='ltr'>nbie</span> <span class='ocrx_word' id='word_1_88' title='bbox 389 1123 477 1178; x_wconf 86' lang='lat' dir='ltr'>Paulo</span> <span class='ocrx_word' id='word_1_89' title='bbox 496 1123 525 1178; x_wconf 92' lang='lat' dir='ltr'>lo</span> <span class='ocrx_word' id='word_1_90' title='bbox 568 1139 618 1176; x_wconf 86' lang='lat' dir='ltr'>ens</span> <span class='ocrx_word' id='word_1_91' title='bbox 637 1121 753 1177; x_wconf 85' lang='lat' dir='ltr'>diversa</span> <span class='ocrx_word' id='word_1_92' title='bbox 774 1123 862 1195; x_wconf 88' lang='lat' dir='ltr'>plane</span> <span class='ocrx_word' id='word_1_93' title='bbox 880 1123 914 1178; x_wconf 86' lang='lat' dir='ltr'>ab</span> <span class='ocrx_word' id='word_1_94' title='bbox 937 1122 985 1178; x_wconf 81' lang='lat' dir='ltr'>his</span> <span class='ocrx_word' id='word_1_95' title='bbox 1008 1123 1086 1178; x_wconf 87' lang='lat' dir='ltr'>dicta</span> <span class='ocrx_word' id='word_1_96' title='bbox 1109 1123 1237 1178; x_wconf 84' lang='lat' dir='ltr'>Neronis</span> 
     </span>
     <span class='ocr_line' id='line_1_11' title="bbox 26 1192 1238 1264; baseline -0.001 -14"><span class='ocrx_word' id='word_1_97' title='bbox 26 1198 114 1250; x_wconf 78' lang='lat' dir='ltr'>refert.</span> <span class='ocrx_word' id='word_1_98' title='bbox 152 1193 228 1264; x_wconf 83' lang='lat' dir='ltr'>Quid</span> <span class='ocrx_word' id='word_1_99' title='bbox 244 1197 357 1249; x_wconf 87' lang='lat' dir='ltr'>multa?</span> <span class='ocrx_word' id='word_1_100' title='bbox 383 1194 484 1248; x_wconf 89' lang='lat' dir='ltr'>nullus</span> <span class='ocrx_word' id='word_1_101' title='bbox 503 1192 543 1246; x_wconf 90' lang='lat' dir='ltr'>du</span> <span class='ocrx_word' id='word_1_102' title='bbox 562 1193 603 1248; x_wconf 90' lang='lat' dir='ltr'>ito</span> <span class='ocrx_word' id='word_1_103' title='bbox 628 1193 725 1247; x_wconf 89' lang='lat' dir='ltr'>locum</span> <span class='ocrx_word' id='word_1_104' title='bbox 744 1211 805 1250; x_wconf 85' lang='lat' dir='ltr'>esse</span> <span class='ocrx_word' id='word_1_105' title='bbox 822 1196 961 1248; x_wconf 83' lang='lat' dir='ltr'>mutilum</span> <span class='ocrx_word' id='word_1_106' title='bbox 980 1202 1010 1249; x_wconf 88' lang='lat' dir='ltr'>et</span> <span class='ocrx_word' id='word_1_107' title='bbox 1026 1195 1126 1250; x_wconf 88' lang='lat' dir='ltr'>deesse</span> <span class='ocrx_word' id='word_1_108' title='bbox 1144 1195 1238 1250; x_wconf 89' lang='lat' dir='ltr'>Neru-</span> 
     </span>
     <span class='ocr_line' id='line_1_12' title="bbox 26 1265 1238 1338; baseline 0.002 -20"><span class='ocrx_word' id='word_1_109' title='bbox 26 1269 64 1319; x_wconf 87' lang='lat' dir='ltr'>nis</span> <span class='ocrx_word' id='word_1_110' title='bbox 81 1267 162 1321; x_wconf 88' lang='lat' dir='ltr'>dicta</span> <span class='ocrx_word' id='word_1_111' title='bbox 179 1273 247 1338; x_wconf 87' lang='lat' dir='ltr'>poet</span> <span class='ocrx_word' id='word_1_112' title='bbox 263 1283 326 1321; x_wconf 82' lang='lat' dir='ltr'>voc.</span> <span class='ocrx_word' id='word_1_113' title='bbox 347 1265 435 1331; x_wconf 83' lang='lat' dir='ltr'>Nero‚·</span> <span class='ocrx_word' id='word_1_114' title='bbox 460 1266 612 1336; x_wconf 83' lang='lat' dir='ltr'>sequentia</span> <span class='ocrx_word' id='word_1_115' title='bbox 629 1272 739 1319; x_wconf 86' lang='lat' dir='ltr'>autem.</span> <span class='ocrx_word' id='word_1_116' title='bbox 754 1271 782 1316; x_wconf 83' lang='lat' dir='ltr'>et</span> <span class='ocrx_word' id='word_1_117' title='bbox 804 1267 899 1334; x_wconf 83' lang='lat' dir='ltr'>posito</span> <span class='ocrx_word' id='word_1_118' title='bbox 916 1272 986 1319; x_wconf 80' lang='lat' dir='ltr'>netu</span> <span class='ocrx_word' id='word_1_119' title='bbox 1004 1275 1059 1320; x_wconf 87' lang='lat' dir='ltr'>oet.</span> <span class='ocrx_word' id='word_1_120' title='bbox 1085 1267 1238 1337; x_wconf 83' lang='lat' dir='ltr'>pertinere</span> 
     </span>
     <span class='ocr_line' id='line_1_13' title="bbox 26 1334 1238 1408; baseline 0.002 -20"><span class='ocrx_word' id='word_1_121' title='bbox 26 1338 55 1389; x_wconf 84' lang='lat' dir='ltr'>ad</span> <span class='ocrx_word' id='word_1_122' title='bbox 70 1339 226 1408; x_wconf 88' lang='lat' dir='ltr'>scriptoris</span> <span class='ocrx_word' id='word_1_123' title='bbox 248 1335 479 1391; x_wconf 88' lang='lat' dir='ltr'>narrationem.“</span> <span class='ocrx_word' id='word_1_124' title='bbox 505 1334 615 1388; x_wconf 70' lang='lat' dir='ltr'>Weiss.</span> <span class='ocrx_word' id='word_1_125' title='bbox 652 1335 874 1396; x_wconf 71' lang='lat' dir='ltr'>concedendum</span> <span class='ocrx_word' id='word_1_126' title='bbox 898 1337 1026 1408; x_wconf 81' lang='lat' dir='ltr'>quidem,</span> <span class='ocrx_word' id='word_1_127' title='bbox 1056 1353 1116 1392; x_wconf 88' lang='lat' dir='ltr'>non</span> <span class='ocrx_word' id='word_1_128' title='bbox 1139 1339 1238 1390; x_wconf 86' lang='lat' dir='ltr'>omnia</span> 
     </span>
     <span class='ocr_line' id='line_1_14' title="bbox 26 1405 1238 1471; baseline 0.002 -13"><span class='ocrx_word' id='word_1_129' title='bbox 26 1409 144 1462; x_wconf 85' lang='lat' dir='ltr'>Neronis</span> <span class='ocrx_word' id='word_1_130' title='bbox 162 1408 241 1461; x_wconf 87' lang='lat' dir='ltr'>dicta</span> <span class='ocrx_word' id='word_1_131' title='bbox 258 1426 275 1461; x_wconf 91' lang='lat' dir='ltr'>a</span> <span class='ocrx_word' id='word_1_132' title='bbox 292 1406 393 1461; x_wconf 73' lang='lat' dir='ltr'>&#39;l&#39;scito</span> <span class='ocrx_word' id='word_1_133' title='bbox 411 1407 502 1460; x_wconf 75' lang='lat' dir='ltr'>inissa</span> <span class='ocrx_word' id='word_1_134' title='bbox 519 1405 624 1469; x_wconf 82' lang='lat' dir='ltr'>relata,</span> <span class='ocrx_word' id='word_1_135' title='bbox 651 1423 706 1459; x_wconf 86' lang='lat' dir='ltr'>nec</span> <span class='ocrx_word' id='word_1_136' title='bbox 724 1413 832 1471; x_wconf 83' lang='lat' dir='ltr'>tamen,</span> <span class='ocrx_word' id='word_1_137' title='bbox 851 1405 903 1460; x_wconf 89' lang='lat' dir='ltr'>illa</span> <span class='ocrx_word' id='word_1_138' title='bbox 920 1407 1009 1460; x_wconf 81' lang='lat' dir='ltr'>verba</span> <span class='ocrx_word' id='word_1_139' title='bbox 1026 1407 1122 1462; x_wconf 78' lang='lat' dir='ltr'>aliem</span> <span class='ocrx_word' id='word_1_140' title='bbox 1141 1425 1203 1463; x_wconf 85' lang='lat' dir='ltr'>esee</span> <span class='ocrx_word' id='word_1_141' title='bbox 1220 1426 1238 1461; x_wconf 88' lang='lat' dir='ltr'>a</span> 
     </span>
     <span class='ocr_line' id='line_1_15' title="bbox 25 1476 1238 1548; baseline 0 -18"><span class='ocrx_word' id='word_1_142' title='bbox 25 1478 70 1530; x_wconf 89' lang='lat' dir='ltr'>tali</span> <span class='ocrx_word' id='word_1_143' title='bbox 87 1478 227 1548; x_wconf 80' lang='lat' dir='ltr'>Principe</span> <span class='ocrx_word' id='word_1_144' title='bbox 246 1485 275 1532; x_wconf 88' lang='lat' dir='ltr'>et</span> <span class='ocrx_word' id='word_1_145' title='bbox 292 1477 326 1532; x_wconf 84' lang='lat' dir='ltr'>ab</span> <span class='ocrx_word' id='word_1_146' title='bbox 345 1493 378 1530; x_wconf 92' lang='lat' dir='ltr'>eo</span> <span class='ocrx_word' id='word_1_147' title='bbox 397 1484 538 1548; x_wconf 88' lang='lat' dir='ltr'>tempore,</span> <span class='ocrx_word' id='word_1_148' title='bbox 557 1491 615 1548; x_wconf 87' lang='lat' dir='ltr'>quo</span> <span class='ocrx_word' id='word_1_149' title='bbox 634 1493 665 1531; x_wconf 90' lang='lat' dir='ltr'>se</span> <span class='ocrx_word' id='word_1_150' title='bbox 684 1476 839 1530; x_wconf 85' lang='lat' dir='ltr'>liberatum</span> <span class='ocrx_word' id='word_1_151' title='bbox 862 1477 915 1532; x_wconf 86' lang='lat' dir='ltr'>ille</span> <span class='ocrx_word' id='word_1_152' title='bbox 933 1476 1074 1532; x_wconf 86' lang='lat' dir='ltr'>sentiebat</span> <span class='ocrx_word' id='word_1_153' title='bbox 1096 1479 1131 1532; x_wconf 84' lang='lat' dir='ltr'>ab</span> <span class='ocrx_word' id='word_1_154' title='bbox 1160 1479 1238 1531; x_wconf 82' lang='lat' dir='ltr'>eina-</span> 
     </span>
     <span class='ocr_line' id='line_1_16' title="bbox 25 1544 1235 1618; baseline 0.006 -19"><span class='ocrx_word' id='word_1_155' title='bbox 25 1547 94 1600; x_wconf 85' lang='lat' dir='ltr'>nndi</span> <span class='ocrx_word' id='word_1_156' title='bbox 113 1547 275 1602; x_wconf 68' lang='lat' dir='ltr'>imos-idue</span> <span class='ocrx_word' id='word_1_157' title='bbox 293 1565 309 1602; x_wconf 87' lang='lat' dir='ltr'>a</span> <span class='ocrx_word' id='word_1_158' title='bbox 327 1544 428 1601; x_wconf 86' lang='lat' dir='ltr'>Plauto</span> <span class='ocrx_word' id='word_1_159' title='bbox 447 1548 503 1601; x_wconf 84' lang='lat' dir='ltr'>sibi</span> <span class='ocrx_word' id='word_1_160' title='bbox 527 1548 578 1602; x_wconf 90' lang='lat' dir='ltr'>diu</span> <span class='ocrx_word' id='word_1_161' title='bbox 602 1548 738 1613; x_wconf 76' lang='lat' dir='ltr'>incussis,</span> <span class='ocrx_word' id='word_1_162' title='bbox 762 1547 920 1618; x_wconf 81' lang='lat' dir='ltr'>dequibus</span> <span class='ocrx_word' id='word_1_163' title='bbox 944 1566 973 1604; x_wconf 82' lang='lat' dir='ltr'>v.</span> <span class='ocrx_word' id='word_1_164' title='bbox 994 1551 1038 1614; x_wconf 81' lang='lat'>1³,</span> <span class='ocrx_word' id='word_1_165' title='bbox 1059 1553 1099 1604; x_wconf 79' lang='lat'>19.</span> <span class='ocrx_word' id='word_1_166' title='bbox 1127 1553 1170 1614; x_wconf 77' lang='lat'>14,</span> <span class='ocrx_word' id='word_1_167' title='bbox 1189 1551 1235 1606; x_wconf 69' lang='lat'>22.</span> 
     </span>
     <span class='ocr_line' id='line_1_17' title="bbox 24 1617 1237 1689; baseline 0 -16"><span class='ocrx_word' id='word_1_168' title='bbox 24 1621 62 1673; x_wconf 78' lang='lat' dir='ltr'>tr.</span> <span class='ocrx_word' id='word_1_169' title='bbox 81 1649 116 1662; x_wconf 89' lang='lat'>·-</span> <span class='ocrx_word' id='word_1_170' title='bbox 151 1619 268 1688; x_wconf 80' lang='lat' dir='ltr'>nuptiae</span> <span class='ocrx_word' id='word_1_171' title='bbox 284 1617 440 1688; x_wconf 75' lang='lat' dir='ltr'>Poppaeae,</span> <span class='ocrx_word' id='word_1_172' title='bbox 460 1619 498 1672; x_wconf 80' lang='lat' dir='ltr'>oi.</span> <span class='ocrx_word' id='word_1_173' title='bbox 516 1622 561 1684; x_wconf 79' lang='lat'>1³,</span> <span class='ocrx_word' id='word_1_174' title='bbox 580 1619 625 1674; x_wconf 79' lang='grc'><strong>46.</strong></span> <span class='ocrx_word' id='word_1_175' title='bbox 646 1627 676 1672; x_wconf 89' lang='lat' dir='ltr'>et</span> <span class='ocrx_word' id='word_1_176' title='bbox 695 1621 740 1682; x_wconf 78' lang='lat'>1⁴,</span> <span class='ocrx_word' id='word_1_177' title='bbox 765 1623 790 1674; x_wconf 91' lang='lat'>1.</span> <span class='ocrx_word' id='word_1_178' title='bbox 814 1621 914 1675; x_wconf 67' lang='grc'><strong>611-</strong></span> <span class='ocrx_word' id='word_1_179' title='bbox 950 1625 978 1672; x_wconf 84' lang='lat' dir='ltr'>et</span> <span class='ocrx_word' id='word_1_180' title='bbox 1004 1619 1113 1674; x_wconf 86' lang='lat' dir='ltr'>nomine</span> <span class='ocrx_word' id='word_1_181' title='bbox 1128 1619 1237 1689; x_wconf 75' lang='lat' dir='ltr'>putria,</span> 
     </span>
     <span class='ocr_line' id='line_1_18' title="bbox 25 1688 1237 1764; baseline 0.002 -22"><span class='ocrx_word' id='word_1_182' title='bbox 25 1688 132 1744; x_wconf 79' lang='lat' dir='ltr'>Claudii</span> <span class='ocrx_word' id='word_1_183' title='bbox 149 1707 245 1758; x_wconf 90' lang='lat' dir='ltr'>causa,</span> <span class='ocrx_word' id='word_1_184' title='bbox 265 1688 304 1757; x_wconf 84' lang='lat' dir='ltr'>(v.</span> <span class='ocrx_word' id='word_1_185' title='bbox 325 1689 361 1743; x_wconf 89' lang='lat' dir='ltr'>ad</span> <span class='ocrx_word' id='word_1_186' title='bbox 379 1689 415 1743; x_wconf 85' lang='lat' dir='ltr'>G.</span> <span class='ocrx_word' id='word_1_187' title='bbox 434 1692 459 1746; x_wconf 81' lang='grc'><strong>8.</strong></span> <span class='ocrx_word' id='word_1_188' title='bbox 478 1709 507 1746; x_wconf 90' lang='grc' dir='ltr'><strong>ιι.</strong></span> <span class='ocrx_word' id='word_1_189' title='bbox 526 1691 566 1757; x_wconf 73' lang='grc'><strong>1.)</strong></span> <span class='ocrx_word' id='word_1_190' title='bbox 584 1697 612 1744; x_wconf 86' lang='lat' dir='ltr'>et</span> <span class='ocrx_word' id='word_1_191' title='bbox 629 1691 737 1744; x_wconf 76' lang='lat' dir='ltr'>studiis</span> <span class='ocrx_word' id='word_1_192' title='bbox 753 1691 861 1758; x_wconf 80' lang='lat' dir='ltr'>populi,</span> <span class='ocrx_word' id='word_1_193' title='bbox 879 1689 1003 1764; x_wconf 85' lang='lat' dir='ltr'>propter</span> <span class='ocrx_word' id='word_1_194' title='bbox 1014 1693 1144 1746; x_wconf 82' lang='lat' dir='ltr'>favorem</span> <span class='ocrx_word' id='word_1_195' title='bbox 1165 1693 1237 1757; x_wconf 88' lang='lat' dir='ltr'>eius,</span> 
     </span>
     <span class='ocr_line' id='line_1_19' title="bbox 24 1760 1237 1832; baseline 0 -17"><span class='ocrx_word' id='word_1_196' title='bbox 24 1779 133 1830; x_wconf 74' lang='lat' dir='ltr'>gruem</span> <span class='ocrx_word' id='word_1_197' title='bbox 149 1760 238 1825; x_wconf 74' lang='lat' dir='ltr'>mini,</span> <span class='ocrx_word' id='word_1_198' title='bbox 257 1761 410 1832; x_wconf 86' lang='lat' dir='ltr'>molestam</span> <span class='ocrx_word' id='word_1_199' title='bbox 428 1768 458 1814; x_wconf 88' lang='lat' dir='ltr'>et</span> <span class='ocrx_word' id='word_1_200' title='bbox 476 1762 612 1815; x_wconf 80' lang='lat' dir='ltr'>inrisam.</span> <span class='ocrx_word' id='word_1_201' title='bbox 631 1763 669 1816; x_wconf 81' lang='lat' dir='ltr'>ci.</span> <span class='ocrx_word' id='word_1_202' title='bbox 689 1761 769 1827; x_wconf 89' lang='lat' dir='ltr'>adl,</span> <span class='ocrx_word' id='word_1_203' title='bbox 789 1764 832 1828; x_wconf 83' lang='lat' dir='ltr'>to,</span> <span class='ocrx_word' id='word_1_204' title='bbox 850 1766 876 1819; x_wconf 83' lang='lat' dir='ltr'>s</span> <span class='ocrx_word' id='word_1_205' title='bbox 914 1761 1026 1816; x_wconf 83' lang='lat' dir='ltr'>nomine</span> <span class='ocrx_word' id='word_1_206' title='bbox 1045 1763 1145 1831; x_wconf 83' lang='lat' dir='ltr'>patrie</span> <span class='ocrx_word' id='word_1_207' title='bbox 1166 1779 1237 1830; x_wconf 73' lang='lat' dir='ltr'>grn-</span> 
     </span>
     <span class='ocr_line' id='line_1_20' title="bbox 24 1831 1237 1904; baseline 0.002 -18"><span class='ocrx_word' id='word_1_208' title='bbox 24 1850 88 1886; x_wconf 79' lang='lat' dir='ltr'>eene:</span> <span class='ocrx_word' id='word_1_209' title='bbox 108 1850 178 1886; x_wconf 87' lang='lat' dir='ltr'>nam</span> <span class='ocrx_word' id='word_1_210' title='bbox 196 1834 284 1886; x_wconf 89' lang='lat' dir='ltr'>etiam</span> <span class='ocrx_word' id='word_1_211' title='bbox 302 1833 392 1886; x_wconf 87' lang='lat' dir='ltr'>silens</span> <span class='ocrx_word' id='word_1_212' title='bbox 410 1835 587 1903; x_wconf 75' lang='lat' dir='ltr'>exprobrare</span> <span class='ocrx_word' id='word_1_213' title='bbox 610 1831 723 1887; x_wconf 86' lang='lat' dir='ltr'>assiduo</span> <span class='ocrx_word' id='word_1_214' title='bbox 742 1831 893 1888; x_wconf 82' lang='lat' dir='ltr'>videbatur</span> <span class='ocrx_word' id='word_1_215' title='bbox 915 1841 1030 1904; x_wconf 87' lang='lat' dir='ltr'>patrem</span> <span class='ocrx_word' id='word_1_216' title='bbox 1053 1849 1166 1888; x_wconf 82' lang='lat' dir='ltr'>veneno</span> <span class='ocrx_word' id='word_1_217' title='bbox 1184 1849 1237 1888; x_wconf 87' lang='lat' dir='ltr'>ne·</span> 
     </span>
     <span class='ocr_line' id='line_1_21' title="bbox 24 1901 1237 1991; baseline 0 -33"><span class='ocrx_word' id='word_1_218' title='bbox 24 1913 130 1991; x_wconf 64' lang='lat' dir='ltr'>catumj</span> <span class='ocrx_word' id='word_1_219' title='bbox 150 1901 230 1961; x_wconf 74' lang='lat' dir='ltr'>Pici.</span> <span class='ocrx_word' id='word_1_220' title='bbox 266 1903 371 1987; x_wconf 78' lang='lat' dir='ltr'>Immo,</span> <span class='ocrx_word' id='word_1_221' title='bbox 389 1920 420 1959; x_wconf 84' lang='lat' dir='ltr'>se</span> <span class='ocrx_word' id='word_1_222' title='bbox 437 1920 541 1959; x_wconf 83' lang='lat' dir='ltr'>verum</span> <span class='ocrx_word' id='word_1_223' title='bbox 559 1901 746 1960; x_wconf 69' lang='lat' dir='ltr'>Claudiorum</span> <span class='ocrx_word' id='word_1_224' title='bbox 771 1906 944 1984; x_wconf 70' lang='lat' dir='ltr'>sanguinem</span> <span class='ocrx_word' id='word_1_225' title='bbox 962 1911 992 1960; x_wconf 91' lang='lat' dir='ltr'>et</span> <span class='ocrx_word' id='word_1_226' title='bbox 1009 1903 1157 1960; x_wconf 83' lang='lat' dir='ltr'>Neronem</span> <span class='ocrx_word' id='word_1_227' title='bbox 1174 1921 1237 1964; x_wconf 88' lang='lat' dir='ltr'>esse</span> 
     </span>
     <span class='ocr_line' id='line_1_22' title="bbox 24 1971 1234 2120; baseline 0.002 -16"><span class='ocrx_word' id='word_1_228' title='bbox 24 1985 176 2104; x_wconf 47' lang='grc' dir='ltr'>111811111ιῖ</span> <span class='ocrx_word' id='word_1_229' title='bbox 185 1971 364 2100; x_wconf 48' lang='lat' dir='ltr'>Zosimi.</span> <span class='ocrx_word' id='word_1_230' title='bbox 384 2045 464 2104; x_wconf 78' lang='lat' dir='ltr'>Flor.</span> <span class='ocrx_word' id='word_1_231' title='bbox 485 2046 573 2115; x_wconf 86' lang='lat' dir='ltr'>(teste</span> <span class='ocrx_word' id='word_1_232' title='bbox 590 2045 680 2114; x_wconf 78' lang='lat' dir='ltr'>vict.)</span> <span class='ocrx_word' id='word_1_233' title='bbox 698 2045 770 2102; x_wconf 78' lang='lat' dir='ltr'>sua.</span> <span class='ocrx_word' id='word_1_234' title='bbox 789 2047 853 2102; x_wconf 90' lang='lat' dir='ltr'>edd.</span> <span class='ocrx_word' id='word_1_235' title='bbox 873 2047 951 2120; x_wconf 85' lang='lat' dir='ltr'>Spir.</span> <span class='ocrx_word' id='word_1_236' title='bbox 970 2045 1063 2104; x_wconf 72' lang='lat' dir='ltr'>rhen.</span> <span class='ocrx_word' id='word_1_237' title='bbox 1079 2049 1106 2106; x_wconf 73' lang='lat'><em>2</em></span> <span class='ocrx_word' id='word_1_238' title='bbox 1125 2049 1152 2104; x_wconf 81' lang='grc'><strong>3.</strong></span> <span class='ocrx_word' id='word_1_239' title='bbox 1171 2064 1234 2120; x_wconf 80' lang='lat' dir='ltr'>sqq.</span> 
     </span>
     <span class='ocr_line' id='line_1_23' title="bbox 23 2116 1237 2176; baseline 0 -4"><span class='ocrx_word' id='word_1_240' title='bbox 23 2118 54 2172; x_wconf 85' lang='lat' dir='ltr'>de</span> <span class='ocrx_word' id='word_1_241' title='bbox 68 2118 204 2173; x_wconf 81' lang='lat' dir='ltr'>cneds’drss</span> <span class='ocrx_word' id='word_1_242' title='bbox 221 2116 281 2173; x_wconf 82' lang='lat' dir='ltr'>MS.</span> <span class='ocrx_word' id='word_1_243' title='bbox 300 2118 397 2172; x_wconf 79' lang='lat' dir='ltr'>Gueli.</span> <span class='ocrx_word' id='word_1_244' title='bbox 418 2117 481 2175; x_wconf 81' lang='lat' dir='ltr'>cdd</span> <span class='ocrx_word' id='word_1_245' title='bbox 501 2119 566 2172; x_wconf 80' lang='lat' dir='ltr'>rut.</span> <span class='ocrx_word' id='word_1_246' title='bbox 580 2123 603 2174; x_wconf 93' lang='lat'>1.</span> <span class='ocrx_word' id='word_1_247' title='bbox 622 2121 648 2174; x_wconf 75' lang='grc'><strong>1.</strong></span> <span class='ocrx_word' id='word_1_248' title='bbox 667 2119 734 2174; x_wconf 86' lang='lat' dir='ltr'>Ber.</span> <span class='ocrx_word' id='word_1_249' title='bbox 752 2117 844 2172; x_wconf 78' lang='lat' dir='ltr'>libeu-</span> <span class='ocrx_word' id='word_1_250' title='bbox 857 2124 881 2176; x_wconf 87' lang='grc' dir='ltr'>Ι.</span> <span class='ocrx_word' id='word_1_251' title='bbox 901 2121 936 2174; x_wconf 84' lang='lat' dir='ltr'>de</span> <span class='ocrx_word' id='word_1_252' title='bbox 953 2122 1037 2175; x_wconf 86' lang='lat' dir='ltr'>coede</span> <span class='ocrx_word' id='word_1_253' title='bbox 1054 2120 1086 2174; x_wconf 77' lang='lat' dir='ltr'>S·</span> <span class='ocrx_word' id='word_1_254' title='bbox 1098 2118 1141 2174; x_wconf 85' lang='lat' dir='ltr'>Pl.</span> <span class='ocrx_word' id='word_1_255' title='bbox 1160 2117 1237 2172; x_wconf 79' lang='lat' dir='ltr'>dead</span> 
     </span>
     <span class='ocr_line' id='line_1_24' title="bbox 23 2189 1235 2261; baseline -0.002 -19"><span class='ocrx_word' id='word_1_256' title='bbox 23 2193 171 2256; x_wconf 69' lang='lat' dir='ltr'>malesane,</span> <span class='ocrx_word' id='word_1_257' title='bbox 203 2208 233 2243; x_wconf 80' lang='grc' dir='ltr'><strong>τ.</strong></span> <span class='ocrx_word' id='word_1_258' title='bbox 258 2189 294 2244; x_wconf 90' lang='lat' dir='ltr'>ad</span> <span class='ocrx_word' id='word_1_259' title='bbox 319 2191 526 2256; x_wconf 81' lang='lat' dir='ltr'>rl‚tt,1·-</span> <span class='ocrx_word' id='word_1_260' title='bbox 561 2189 834 2246; x_wconf 67' lang='lat' dir='ltr'>suscensens.</span> <span class='ocrx_word' id='word_1_261' title='bbox 854 2199 929 2246; x_wconf 86' lang='lat' dir='ltr'>teste</span> <span class='ocrx_word' id='word_1_262' title='bbox 951 2192 1029 2246; x_wconf 87' lang='lat' dir='ltr'>Vict.</span> <span class='ocrx_word' id='word_1_263' title='bbox 1057 2191 1155 2261; x_wconf 74' lang='lat' dir='ltr'>Syllae</span> <span class='ocrx_word' id='word_1_264' title='bbox 1177 2189 1235 2244; x_wconf 81' lang='lat' dir='ltr'>MS.</span> 
     </span>
     <span class='ocr_line' id='line_1_25' title="bbox 22 2261 1237 2333; baseline 0.002 -19"><span class='ocrx_word' id='word_1_265' title='bbox 22 2261 113 2318; x_wconf 81' lang='lat' dir='ltr'>Guelt.</span> <span class='ocrx_word' id='word_1_266' title='bbox 134 2261 201 2316; x_wconf 89' lang='lat' dir='ltr'>edd.</span> <span class='ocrx_word' id='word_1_267' title='bbox 257 2279 310 2318; x_wconf 88' lang='lat' dir='ltr'>ene</span> <span class='ocrx_word' id='word_1_268' title='bbox 329 2277 438 2316; x_wconf 83' lang='lat' dir='ltr'>omnes.</span> <span class='ocrx_word' id='word_1_269' title='bbox 470 2261 516 2318; x_wconf 80' lang='lat' dir='ltr'>ci.</span> <span class='ocrx_word' id='word_1_270' title='bbox 541 2261 578 2318; x_wconf 81' lang='lat' dir='ltr'>ad</span> <span class='ocrx_word' id='word_1_271' title='bbox 602 2265 771 2330; x_wconf 84' lang='lat'>1,1‚2-</span> <span class='ocrx_word' id='word_1_272' title='bbox 806 2263 953 2333; x_wconf 77' lang='lat' dir='ltr'>utriusque</span> <span class='ocrx_word' id='word_1_273' title='bbox 975 2261 1120 2331; x_wconf 77' lang='lat' dir='ltr'>ingenium</span> <span class='ocrx_word' id='word_1_274' title='bbox 1144 2261 1237 2317; x_wconf 81' lang='lat' dir='ltr'>turdi·</span> 
     </span>
     <span class='ocr_line' id='line_1_26' title="bbox 22 2331 1236 2406; baseline 0 -19"><span class='ocrx_word' id='word_1_275' title='bbox 22 2333 80 2387; x_wconf 78' lang='lat' dir='ltr'>dnn</span> <span class='ocrx_word' id='word_1_276' title='bbox 97 2349 161 2388; x_wconf 80' lang='lat' dir='ltr'>esee</span> <span class='ocrx_word' id='word_1_277' title='bbox 178 2334 206 2388; x_wconf 82' lang='lat' dir='ltr'>tt</span> <span class='ocrx_word' id='word_1_278' title='bbox 231 2333 249 2386; x_wconf 82' lang='grc'><strong>.”</strong></span> <span class='ocrx_word' id='word_1_279' title='bbox 259 2332 355 2388; x_wconf 73' lang='lat' dir='ltr'>caete</span> <span class='ocrx_word' id='word_1_280' title='bbox 375 2331 438 2388; x_wconf 86' lang='lat' dir='ltr'>edd.</span> <span class='ocrx_word' id='word_1_281' title='bbox 459 2331 528 2388; x_wconf 84' lang='lat' dir='ltr'>Put.</span> <span class='ocrx_word' id='word_1_282' title='bbox 548 2338 575 2389; x_wconf 88' lang='lat'>1.</span> <span class='ocrx_word' id='word_1_283' title='bbox 595 2336 619 2392; x_wconf 74' lang='lat'>2.</span> <span class='ocrx_word' id='word_1_284' title='bbox 639 2333 706 2388; x_wconf 84' lang='lat' dir='ltr'>Ber.</span> <span class='ocrx_word' id='word_1_285' title='bbox 726 2331 777 2400; x_wconf 87' lang='lat' dir='ltr'>(ad</span> <span class='ocrx_word' id='word_1_286' title='bbox 795 2353 881 2406; x_wconf 86' lang='lat' dir='ltr'>quam</span> <span class='ocrx_word' id='word_1_287' title='bbox 899 2335 983 2388; x_wconf 86' lang='lat' dir='ltr'>siluit</span> <span class='ocrx_word' id='word_1_288' title='bbox 999 2334 1090 2399; x_wconf 76' lang='lat' dir='ltr'>viee)</span> <span class='ocrx_word' id='word_1_289' title='bbox 1108 2333 1236 2392; x_wconf 76' lang='lat' dir='ltr'>Rhanl.</span> 
     </span>
     <span class='ocr_line' id='line_1_27' title="bbox 22 2403 1289 2477; baseline 0.002 -21"><span class='ocrx_word' id='word_1_290' title='bbox 22 2411 73 2456; x_wconf 79' lang='lat' dir='ltr'>nr.</span> <span class='ocrx_word' id='word_1_291' title='bbox 91 2404 240 2458; x_wconf 69' lang='lat' dir='ltr'>turbidum</span> <span class='ocrx_word' id='word_1_292' title='bbox 256 2403 404 2474; x_wconf 74' lang='lat' dir='ltr'>ingenium</span> <span class='ocrx_word' id='word_1_293' title='bbox 422 2421 482 2458; x_wconf 81' lang='lat' dir='ltr'>ease</span> <span class='ocrx_word' id='word_1_294' title='bbox 501 2405 563 2459; x_wconf 89' lang='lat' dir='ltr'>edd.</span> <span class='ocrx_word' id='word_1_295' title='bbox 584 2403 662 2476; x_wconf 87' lang='lat' dir='ltr'>Spir.</span> <span class='ocrx_word' id='word_1_296' title='bbox 681 2404 775 2458; x_wconf 75' lang='lat' dir='ltr'>Rhen.</span> <span class='ocrx_word' id='word_1_297' title='bbox 793 2409 821 2464; x_wconf 80' lang='lat'>2.</span> <span class='ocrx_word' id='word_1_298' title='bbox 839 2411 866 2464; x_wconf 80' lang='grc'><strong>3.</strong></span> <span class='ocrx_word' id='word_1_299' title='bbox 886 2424 947 2477; x_wconf 80' lang='lat' dir='ltr'>sqq.</span> <span class='ocrx_word' id='word_1_300' title='bbox 968 2437 1001 2450; x_wconf 86' lang='lat'>·-</span> <span class='ocrx_word' id='word_1_301' title='bbox 1036 2421 1143 2476; x_wconf 72' lang='lat' dir='ltr'>anagnu</span> <span class='ocrx_word' id='word_1_302' title='bbox 1166 2420 1237 2459; x_wconf 80' lang='lat' dir='ltr'>cura</span> <span class='ocrx_word' id='word_1_303' title='bbox 1283 2433 1289 2444; x_wconf 81' lang='lat'>=</span> 
     </span>
    </p>
   </div>
   <div class='ocr_carea' id='block_1_3' title="bbox 22 2472 1352 2548">
    <p class='ocr_par' dir='ltr' id='par_1_3' title="bbox 22 2472 1352 2548">
     <span class='ocr_line' id='line_1_28' title="bbox 22 2472 1352 2548; baseline 0 -18"><span class='ocrx_word' id='word_1_304' title='bbox 22 2472 125 2530; x_wconf 73' lang='lat' dir='ltr'>ludes-i.-</span> <span class='ocrx_word' id='word_1_305' title='bbox 154 2475 309 2541; x_wconf 82' lang='lat' dir='ltr'>„Heinsius</span> <span class='ocrx_word' id='word_1_306' title='bbox 328 2492 404 2530; x_wconf 86' lang='lat' dir='ltr'>corr.</span> <span class='ocrx_word' id='word_1_307' title='bbox 422 2491 546 2544; x_wconf 78' lang='lat' dir='ltr'>magnae</span> <span class='ocrx_word' id='word_1_308' title='bbox 564 2491 649 2530; x_wconf 82' lang='lat' dir='ltr'>curae</span> <span class='ocrx_word' id='word_1_309' title='bbox 666 2475 774 2534; x_wconf 81' lang='lat' dir='ltr'>lateri.</span> <span class='ocrx_word' id='word_1_310' title='bbox 812 2477 982 2546; x_wconf 85' lang='lat' dir='ltr'>Perperam.</span> <span class='ocrx_word' id='word_1_311' title='bbox 1001 2477 1173 2548; x_wconf 79' lang='lat' dir='ltr'>Oppositum</span> <span class='ocrx_word' id='word_1_312' title='bbox 1192 2484 1237 2532; x_wconf 84' lang='lat' dir='ltr'>est</span> <span class='ocrx_word' id='word_1_313' title='bbox 1350 2523 1352 2530; x_wconf 81' lang='grc'>,</span> 
     </span>
    </p>
   </div>
   <div class='ocr_carea' id='block_1_4' title="bbox 19 2545 1237 3472">
    <p class='ocr_par' dir='ltr' id='par_1_4' title="bbox 19 2545 1237 3472">
     <span class='ocr_line' id='line_1_29' title="bbox 22 2545 1236 2632; baseline 0.002 -34"><span class='ocrx_word' id='word_1_314' title='bbox 22 2547 76 2598; x_wconf 67' lang='lat' dir='ltr'>nae</span> <span class='ocrx_word' id='word_1_315' title='bbox 100 2563 173 2602; x_wconf 77' lang='lat' dir='ltr'>earn</span> <span class='ocrx_word' id='word_1_316' title='bbox 196 2545 404 2614; x_wconf 68' lang='lat' dir='ltr'>habereiit,</span> <span class='ocrx_word' id='word_1_317' title='bbox 429 2551 463 2604; x_wconf 77' lang='grc'>79</span> <span class='ocrx_word' id='word_1_318' title='bbox 478 2564 535 2617; x_wconf 71' lang='lat' dir='ltr'>-pr,</span> <span class='ocrx_word' id='word_1_319' title='bbox 562 2555 592 2601; x_wconf 86' lang='lat' dir='ltr'>et</span> <span class='ocrx_word' id='word_1_320' title='bbox 618 2563 724 2616; x_wconf 77' lang='lat' dir='ltr'>magau</span> <span class='ocrx_word' id='word_1_321' title='bbox 747 2563 818 2600; x_wconf 85' lang='lat' dir='ltr'>curn</span> <span class='ocrx_word' id='word_1_322' title='bbox 843 2563 898 2632; x_wconf 89' lang='lat' dir='ltr'>pro</span> <span class='ocrx_word' id='word_1_323' title='bbox 922 2564 979 2601; x_wconf 83' lang='lat' dir='ltr'>casn</span> <span class='ocrx_word' id='word_1_324' title='bbox 1002 2564 1109 2615; x_wconf 75' lang='lat' dir='ltr'>magna</span> <span class='ocrx_word' id='word_1_325' title='bbox 1133 2547 1236 2601; x_wconf 84' lang='lat' dir='ltr'>curu.“</span> 
     </span>
     <span class='ocr_line' id='line_1_30' title="bbox 22 2616 1237 2688; baseline 0.002 -16"><span class='ocrx_word' id='word_1_326' title='bbox 22 2616 133 2672; x_wconf 76' lang='lat' dir='ltr'>walth.</span> <span class='ocrx_word' id='word_1_327' title='bbox 155 2649 188 2664; x_wconf 89' lang='lat'>-··</span> <span class='ocrx_word' id='word_1_328' title='bbox 225 2635 257 2672; x_wconf 90' lang='lat' dir='ltr'>eo</span> <span class='ocrx_word' id='word_1_329' title='bbox 276 2619 396 2679; x_wconf 83' lang='lat' dir='ltr'>nomine.</span> <span class='ocrx_word' id='word_1_330' title='bbox 421 2621 460 2672; x_wconf 79' lang='lat' dir='ltr'>ci.</span> <span class='ocrx_word' id='word_1_331' title='bbox 485 2625 556 2672; x_wconf 87' lang='lat' dir='ltr'>nota</span> <span class='ocrx_word' id='word_1_332' title='bbox 573 2622 590 2674; x_wconf 76' lang='lat'><em>2</em></span> <span class='ocrx_word' id='word_1_333' title='bbox 608 2627 683 2674; x_wconf 76' lang='lat' dir='ltr'>eutr.</span> <span class='ocrx_word' id='word_1_334' title='bbox 704 2649 736 2662; x_wconf 89' lang='lat'>·-</span> <span class='ocrx_word' id='word_1_335' title='bbox 772 2617 955 2688; x_wconf 57' lang='lat' dir='ltr'>menendus</span> <span class='ocrx_word' id='word_1_336' title='bbox 979 2624 1072 2673; x_wconf 77' lang='lat' dir='ltr'>turnen</span> <span class='ocrx_word' id='word_1_337' title='bbox 1096 2618 1237 2674; x_wconf 74' lang='lat' dir='ltr'>ludibriis</span> 
     </span>
     <span class='ocr_line' id='line_1_31' title="bbox 22 2688 1235 2758; baseline 0.002 -16"><span class='ocrx_word' id='word_1_338' title='bbox 22 2705 96 2758; x_wconf 78' lang='lat' dir='ltr'>quom</span> <span class='ocrx_word' id='word_1_339' title='bbox 114 2689 420 2754; x_wconf 65' lang='lat' dir='ltr'>medantinum.</span> <span class='ocrx_word' id='word_1_340' title='bbox 441 2709 469 2744; x_wconf 79' lang='grc' dir='ltr'><strong>ι.</strong></span> <span class='ocrx_word' id='word_1_341' title='bbox 488 2689 612 2757; x_wconf 83' lang='lat' dir='ltr'>Ellipsss</span> <span class='ocrx_word' id='word_1_342' title='bbox 629 2708 675 2746; x_wconf 90' lang='lat' dir='ltr'>nr.</span> <span class='ocrx_word' id='word_1_343' title='bbox 695 2695 724 2756; x_wconf 85' lang='lat'>1,</span> <span class='ocrx_word' id='word_1_344' title='bbox 741 2706 769 2758; x_wconf 82' lang='lat' dir='ltr'>y.</span> <span class='ocrx_word' id='word_1_345' title='bbox 805 2696 865 2743; x_wconf 81' lang='lat' dir='ltr'>torn</span> <span class='ocrx_word' id='word_1_346' title='bbox 885 2704 940 2758; x_wconf 91' lang='lat' dir='ltr'>pro</span> <span class='ocrx_word' id='word_1_347' title='bbox 966 2693 1059 2744; x_wconf 76' lang='lat' dir='ltr'>samen</span> <span class='ocrx_word' id='word_1_348' title='bbox 1086 2690 1130 2746; x_wconf 86' lang='lat' dir='ltr'>ed.</span> <span class='ocrx_word' id='word_1_349' title='bbox 1158 2688 1177 2743; x_wconf 86' lang='lat' dir='ltr'>S</span> <span class='ocrx_word' id='word_1_350' title='bbox 1198 2690 1235 2744; x_wconf 82' lang='lat' dir='ltr'>ir·</span> 
     </span>
     <span class='ocr_line' id='line_1_32' title="bbox 22 2759 1235 2838; baseline 0.002 -26"><span class='ocrx_word' id='word_1_351' title='bbox 22 2759 74 2812; x_wconf 79' lang='lat' dir='ltr'>iarn</span> <span class='ocrx_word' id='word_1_352' title='bbox 91 2759 152 2816; x_wconf 78' lang='grc'><strong>118.</strong></span> <span class='ocrx_word' id='word_1_353' title='bbox 170 2761 241 2838; x_wconf 62' lang='lat' dir='ltr'>Agr</span> <span class='ocrx_word' id='word_1_354' title='bbox 261 2761 339 2832; x_wconf 80' lang='lat' dir='ltr'>quod</span> <span class='ocrx_word' id='word_1_355' title='bbox 355 2761 471 2816; x_wconf 81' lang='lat' dir='ltr'>volebat</span> <span class='ocrx_word' id='word_1_356' title='bbox 482 2759 615 2817; x_wconf 86' lang='lat' dir='ltr'>Freinsh.</span> <span class='ocrx_word' id='word_1_357' title='bbox 635 2770 669 2814; x_wconf 90' lang='lat' dir='ltr'>ut</span> <span class='ocrx_word' id='word_1_358' title='bbox 688 2761 832 2816; x_wconf 86' lang='lat' dir='ltr'>sententia</span> <span class='ocrx_word' id='word_1_359' title='bbox 851 2767 936 2826; x_wconf 79' lang='lat' dir='ltr'>esset,</span> <span class='ocrx_word' id='word_1_360' title='bbox 955 2760 1024 2815; x_wconf 83' lang='lat' dir='ltr'>istas</span> <span class='ocrx_word' id='word_1_361' title='bbox 1043 2767 1161 2814; x_wconf 84' lang='lat' dir='ltr'>contum</span> <span class='ocrx_word' id='word_1_362' title='bbox 1180 2761 1235 2815; x_wconf 83' lang='lat' dir='ltr'>.&#39;ss</span> 
     </span>
     <span class='ocr_line' id='line_1_33' title="bbox 22 2829 1236 2908; baseline -0.001 -24"><span class='ocrx_word' id='word_1_363' title='bbox 22 2829 86 2894; x_wconf 81' lang='lat' dir='ltr'>(iam</span> <span class='ocrx_word' id='word_1_364' title='bbox 104 2848 204 2886; x_wconf 68' lang='lat' dir='ltr'>meaos</span> <span class='ocrx_word' id='word_1_365' title='bbox 221 2830 354 2886; x_wconf 85' lang='lat' dir='ltr'>damnari</span> <span class='ocrx_word' id='word_1_366' title='bbox 372 2832 502 2898; x_wconf 88' lang='lat' dir='ltr'>demum)</span> <span class='ocrx_word' id='word_1_367' title='bbox 528 2833 647 2908; x_wconf 79' lang='lat' dir='ltr'>aegrius</span> <span class='ocrx_word' id='word_1_368' title='bbox 670 2832 804 2888; x_wconf 82' lang='lat' dir='ltr'>ferendas</span> <span class='ocrx_word' id='word_1_369' title='bbox 829 2847 889 2886; x_wconf 84' lang='lat' dir='ltr'>esse</span> <span class='ocrx_word' id='word_1_370' title='bbox 909 2849 925 2884; x_wconf 90' lang='lat' dir='ltr'>a</span> <span class='ocrx_word' id='word_1_371' title='bbox 951 2847 984 2885; x_wconf 86' lang='lat' dir='ltr'>re</span> <span class='ocrx_word' id='word_1_372' title='bbox 1007 2830 1124 2902; x_wconf 86' lang='lat' dir='ltr'>publica</span> <span class='ocrx_word' id='word_1_373' title='bbox 1147 2849 1236 2902; x_wconf 78' lang='lat' dir='ltr'>quam</span> 
     </span>
     <span class='ocr_line' id='line_1_34' title="bbox 20 2900 1236 2972; baseline 0.002 -18"><span class='ocrx_word' id='word_1_374' title='bbox 20 2903 89 2956; x_wconf 83' lang='lat' dir='ltr'>mala</span> <span class='ocrx_word' id='word_1_375' title='bbox 108 2921 147 2958; x_wconf 78' lang='lat' dir='ltr'>ex</span> <span class='ocrx_word' id='word_1_376' title='bbox 165 2901 348 2957; x_wconf 84' lang='lat' dir='ltr'>damnatione</span> <span class='ocrx_word' id='word_1_377' title='bbox 366 2911 410 2959; x_wconf 90' lang='lat' dir='ltr'>tot</span> <span class='ocrx_word' id='word_1_378' title='bbox 429 2905 593 2958; x_wconf 83' lang='lat' dir='ltr'>illustrium</span> <span class='ocrx_word' id='word_1_379' title='bbox 612 2903 745 2958; x_wconf 80' lang='lat' dir='ltr'>virorum</span> <span class='ocrx_word' id='word_1_380' title='bbox 769 2900 969 2958; x_wconf 84' lang='lat' dir='ltr'>redundantia.</span> <span class='ocrx_word' id='word_1_381' title='bbox 1006 2903 1134 2968; x_wconf 76' lang='lat' dir='ltr'>„immor</span> <span class='ocrx_word' id='word_1_382' title='bbox 1162 2919 1236 2972; x_wconf 85' lang='lat' dir='ltr'>quae</span> 
     </span>
     <span class='ocr_line' id='line_1_35' title="bbox 21 2971 1235 3052; baseline 0 -26"><span class='ocrx_word' id='word_1_383' title='bbox 21 2990 115 3028; x_wconf 79' lang='lat' dir='ltr'>severa</span> <span class='ocrx_word' id='word_1_384' title='bbox 141 2979 234 3028; x_wconf 82' lang='lat' dir='ltr'>tumen</span> <span class='ocrx_word' id='word_1_385' title='bbox 261 2975 388 3029; x_wconf 79' lang='lat' dir='ltr'>adulatio</span> <span class='ocrx_word' id='word_1_386' title='bbox 415 2991 475 3029; x_wconf 89' lang='lat' dir='ltr'>non</span> <span class='ocrx_word' id='word_1_387' title='bbox 507 2984 568 3029; x_wconf 85' lang='lat' dir='ltr'>tam</span> <span class='ocrx_word' id='word_1_388' title='bbox 598 2976 774 3052; x_wconf 70' lang='lat' dir='ltr'>aggravabat</span> <span class='ocrx_word' id='word_1_389' title='bbox 806 2973 892 3034; x_wconf 87' lang='lat' dir='ltr'>mala,</span> <span class='ocrx_word' id='word_1_390' title='bbox 924 2971 1059 3050; x_wconf 76' lang='lat' dir='ltr'>indignas</span> <span class='ocrx_word' id='word_1_391' title='bbox 1090 2973 1235 3026; x_wconf 85' lang='lat' dir='ltr'>nimirum</span> 
     </span>
     <span class='ocr_line' id='line_1_36' title="bbox 20 3041 1235 3117; baseline -0.002 -19"><span class='ocrx_word' id='word_1_392' title='bbox 20 3045 114 3100; x_wconf 84' lang='lat' dir='ltr'>caedes</span> <span class='ocrx_word' id='word_1_393' title='bbox 129 3045 228 3101; x_wconf 74' lang='lat' dir='ltr'>Sullae</span> <span class='ocrx_word' id='word_1_394' title='bbox 237 3044 399 3117; x_wconf 80' lang='lat' dir='ltr'>Plautique,</span> <span class='ocrx_word' id='word_1_395' title='bbox 417 3063 504 3117; x_wconf 83' lang='lat' dir='ltr'>quam</span> <span class='ocrx_word' id='word_1_396' title='bbox 522 3047 650 3112; x_wconf 88' lang='lat' dir='ltr'>mimica,</span> <span class='ocrx_word' id='word_1_397' title='bbox 670 3065 752 3112; x_wconf 81' lang='lat' dir='ltr'>rana,</span> <span class='ocrx_word' id='word_1_398' title='bbox 772 3045 886 3102; x_wconf 87' lang='lat' dir='ltr'>ludicra</span> <span class='ocrx_word' id='word_1_399' title='bbox 896 3043 974 3098; x_wconf 89' lang='lat' dir='ltr'>mala</span> <span class='ocrx_word' id='word_1_400' title='bbox 990 3045 1068 3100; x_wconf 84' lang='lat' dir='ltr'>veris</span> <span class='ocrx_word' id='word_1_401' title='bbox 1086 3041 1235 3098; x_wconf 84' lang='lat' dir='ltr'>addebat“</span> 
     </span>
     <span class='ocr_line' id='line_1_37' title="bbox 20 3115 1233 3194; baseline 0.002 -24"><span class='ocrx_word' id='word_1_402' title='bbox 20 3116 101 3170; x_wconf 79' lang='lat' dir='ltr'>Gran.</span> <span class='ocrx_word' id='word_1_403' title='bbox 137 3115 248 3186; x_wconf 86' lang='lat' dir='ltr'>„Nihil</span> <span class='ocrx_word' id='word_1_404' title='bbox 265 3125 363 3171; x_wconf 70' lang='lat' dir='ltr'>nmen</span> <span class='ocrx_word' id='word_1_405' title='bbox 382 3119 500 3194; x_wconf 71' lang='lat' dir='ltr'>gravim</span> <span class='ocrx_word' id='word_1_406' title='bbox 518 3126 582 3172; x_wconf 85' lang='lat' dir='ltr'>erat</span> <span class='ocrx_word' id='word_1_407' title='bbox 599 3117 654 3171; x_wconf 85' lang='lat' dir='ltr'>hac</span> <span class='ocrx_word' id='word_1_408' title='bbox 671 3117 805 3189; x_wconf 87' lang='lat' dir='ltr'>pudenda</span> <span class='ocrx_word' id='word_1_409' title='bbox 824 3117 947 3172; x_wconf 71' lang='lat' dir='ltr'>sonitus,</span> <span class='ocrx_word' id='word_1_410' title='bbox 964 3116 1125 3181; x_wconf 77' lang='lat' dir='ltr'>servitut03</span> <span class='ocrx_word' id='word_1_411' title='bbox 1149 3116 1233 3172; x_wconf 73' lang='lat' dir='ltr'>eros.</span> 
     </span>
     <span class='ocr_line' id='line_1_38' title="bbox 19 3185 1236 3260; baseline -0.002 -17"><span class='ocrx_word' id='word_1_412' title='bbox 19 3185 90 3252; x_wconf 67' lang='lat' dir='ltr'>„Sed</span> <span class='ocrx_word' id='word_1_413' title='bbox 106 3187 181 3243; x_wconf 85' lang='lat' dir='ltr'>lraec</span> <span class='ocrx_word' id='word_1_414' title='bbox 199 3194 333 3242; x_wconf 83' lang='lat' dir='ltr'>contorta</span> <span class='ocrx_word' id='word_1_415' title='bbox 350 3205 412 3242; x_wconf 85' lang='lat' dir='ltr'>esse</span> <span class='ocrx_word' id='word_1_416' title='bbox 429 3189 578 3243; x_wconf 77' lang='lat' dir='ltr'>videntur.</span> <span class='ocrx_word' id='word_1_417' title='bbox 614 3190 721 3244; x_wconf 84' lang='lat' dir='ltr'>Noster</span> <span class='ocrx_word' id='word_1_418' title='bbox 740 3187 919 3260; x_wconf 87' lang='lat' dir='ltr'>simpliciter</span> <span class='ocrx_word' id='word_1_419' title='bbox 935 3185 1025 3240; x_wconf 84' lang='lat' dir='ltr'>dicit:</span> <span class='ocrx_word' id='word_1_420' title='bbox 1058 3187 1135 3258; x_wconf 86' lang='lat' dir='ltr'>quod</span> <span class='ocrx_word' id='word_1_421' title='bbox 1152 3185 1236 3241; x_wconf 83' lang='lat' dir='ltr'>Sulla</span> 
     </span>
     <span class='ocr_line' id='line_1_39' title="bbox 19 3257 1235 3333; baseline 0.001 -22"><span class='ocrx_word' id='word_1_422' title='bbox 19 3267 45 3311; x_wconf 88' lang='lat' dir='ltr'>et</span> <span class='ocrx_word' id='word_1_423' title='bbox 61 3259 181 3313; x_wconf 80' lang='lat' dir='ltr'>Plautus</span> <span class='ocrx_word' id='word_1_424' title='bbox 199 3265 301 3312; x_wconf 89' lang='lat' dir='ltr'>senatu</span> <span class='ocrx_word' id='word_1_425' title='bbox 326 3268 527 3327; x_wconf 80' lang='lat' dir='ltr'>moverentur,</span> <span class='ocrx_word' id='word_1_426' title='bbox 556 3261 647 3316; x_wconf 79' lang='lat' dir='ltr'>fnisse</span> <span class='ocrx_word' id='word_1_427' title='bbox 670 3277 735 3315; x_wconf 90' lang='lat' dir='ltr'>rem</span> <span class='ocrx_word' id='word_1_428' title='bbox 759 3274 818 3313; x_wconf 92' lang='lat' dir='ltr'>non</span> <span class='ocrx_word' id='word_1_429' title='bbox 841 3259 882 3310; x_wconf 88' lang='lat' dir='ltr'>its</span> <span class='ocrx_word' id='word_1_430' title='bbox 900 3275 1019 3333; x_wconf 77' lang='lat' dir='ltr'>gravem</span> <span class='ocrx_word' id='word_1_431' title='bbox 1037 3257 1134 3323; x_wconf 83' lang='lat' dir='ltr'>malis,</span> <span class='ocrx_word' id='word_1_432' title='bbox 1160 3273 1235 3330; x_wconf 84' lang='lat' dir='ltr'>quae</span> 
     </span>
     <span class='ocr_line' id='line_1_40' title="bbox 21 3327 1235 3404; baseline 0.003 -24"><span class='ocrx_word' id='word_1_433' title='bbox 21 3329 82 3384; x_wconf 85' lang='lat' dir='ltr'>iude</span> <span class='ocrx_word' id='word_1_434' title='bbox 104 3329 311 3396; x_wconf 78' lang='lat' dir='ltr'>redundarint,</span> <span class='ocrx_word' id='word_1_435' title='bbox 338 3331 448 3402; x_wconf 78' lang='lat' dir='ltr'>qnippe</span> <span class='ocrx_word' id='word_1_436' title='bbox 474 3333 506 3386; x_wconf 92' lang='lat' dir='ltr'>in</span> <span class='ocrx_word' id='word_1_437' title='bbox 529 3331 692 3401; x_wconf 79' lang='lat' dir='ltr'>defunctos,</span> <span class='ocrx_word' id='word_1_438' title='bbox 727 3347 814 3404; x_wconf 83' lang='lat' dir='ltr'>qssam</span> <span class='ocrx_word' id='word_1_439' title='bbox 831 3329 930 3401; x_wconf 80' lang='lat' dir='ltr'>petias</span> <span class='ocrx_word' id='word_1_440' title='bbox 948 3327 984 3383; x_wconf 86' lang='lat' dir='ltr'>ob</span> <span class='ocrx_word' id='word_1_441' title='bbox 1001 3327 1138 3396; x_wconf 83' lang='lat' dir='ltr'>ludibria,</span> <span class='ocrx_word' id='word_1_442' title='bbox 1166 3329 1235 3402; x_wconf 75' lang='lat' dir='ltr'>quia</span> 
     </span>
     <span class='ocr_line' id='line_1_41' title="bbox 19 3398 615 3472; baseline 0.002 -18"><span class='ocrx_word' id='word_1_443' title='bbox 19 3415 61 3454; x_wconf 86' lang='lat' dir='ltr'>res</span> <span class='ocrx_word' id='word_1_444' title='bbox 77 3399 198 3472; x_wconf 84' lang='lat' dir='ltr'>publica</span> <span class='ocrx_word' id='word_1_445' title='bbox 214 3398 481 3462; x_wconf 82' lang='lat' dir='ltr'>dehonestaretur.“</span> <span class='ocrx_word' id='word_1_446' title='bbox 509 3401 615 3459; x_wconf 81' lang='lat' dir='ltr'>Woltl.</span> 
     </span>
    </p>
   </div>
   <div class='ocr_carea' id='block_1_5' title="bbox 478 3543 772 3614">
    <p class='ocr_par' dir='ltr' id='par_1_5' title="bbox 478 3543 772 3614">
     <span class='ocr_line' id='line_1_42' title="bbox 478 3543 772 3614; baseline -0.007 -14"><span class='ocrx_word' id='word_1_447' title='bbox 478 3543 671 3600; x_wconf 75' lang='lat' dir='ltr'>cerus</span> <span class='ocrx_word' id='word_1_448' title='bbox 706 3543 772 3614; x_wconf 65' lang='lat' dir='ltr'>un</span> 
     </span>
    </p>
   </div>
   <div class='ocr_carea' id='block_1_6' title="bbox 18 3627 1236 4406">
    <p class='ocr_par' dir='ltr' id='par_1_6' title="bbox 18 3627 1236 4406">
     <span class='ocr_line' id='line_1_43' title="bbox 94 3627 1236 3741; baseline -0.002 -23"><span class='ocrx_word' id='word_1_449' title='bbox 94 3653 210 3741; x_wconf 66' lang='lat' dir='ltr'>Igitur</span> <span class='ocrx_word' id='word_1_450' title='bbox 230 3627 366 3736; x_wconf 77' lang='lat' dir='ltr'>aucupio</span> <span class='ocrx_word' id='word_1_451' title='bbox 386 3653 525 3717; x_wconf 86' lang='lat' dir='ltr'>Petrum</span> <span class='ocrx_word' id='word_1_452' title='bbox 546 3651 709 3730; x_wconf 86' lang='lat' dir='ltr'>consulto,</span> <span class='ocrx_word' id='word_1_453' title='bbox 730 3661 904 3734; x_wconf 85' lang='lat' dir='ltr'>postquam</span> <span class='ocrx_word' id='word_1_454' title='bbox 931 3659 1050 3716; x_wconf 88' lang='lat' dir='ltr'>cuncta</span> <span class='ocrx_word' id='word_1_455' title='bbox 1070 3651 1236 3716; x_wconf 83' lang='lat' dir='ltr'>scelerum</span> 
     </span>
     <span class='ocr_line' id='line_1_44' title="bbox 19 3733 1236 3882; baseline -0.002 -84"><span class='ocrx_word' id='word_1_456' title='bbox 19 3754 155 3800; x_wconf 80' lang='lat' dir='ltr'>morum</span> <span class='ocrx_word' id='word_1_457' title='bbox 176 3756 240 3820; x_wconf 86' lang='lat' dir='ltr'>pro</span> <span class='ocrx_word' id='word_1_458' title='bbox 261 3737 408 3882; x_wconf 53' lang='lat' dir='ltr'>egrefiiis</span> <span class='ocrx_word' id='word_1_459' title='bbox 438 3737 544 3819; x_wconf 83' lang='lat' dir='ltr'>accipi</span> <span class='ocrx_word' id='word_1_460' title='bbox 570 3733 674 3808; x_wconf 82' lang='lat' dir='ltr'>videt,</span> <span class='ocrx_word' id='word_1_461' title='bbox 708 3733 864 3806; x_wconf 71' lang='lat' dir='ltr'>exturbat</span> <span class='ocrx_word' id='word_1_462' title='bbox 885 3735 1059 3799; x_wconf 83' lang='lat' dir='ltr'>Octaviam</span> <span class='ocrx_word' id='word_1_463' title='bbox 1085 3736 1236 3798; x_wconf 87' lang='lat' dir='ltr'>sterilem</span> 
     </span>
     <span class='ocr_line' id='line_1_45' title="bbox 20 3816 1235 3905; baseline 0 -25"><span class='ocrx_word' id='word_1_464' title='bbox 20 3817 195 3884; x_wconf 76' lang='lat' dir='ltr'>deumne:</span> <span class='ocrx_word' id='word_1_465' title='bbox 234 3837 313 3882; x_wconf 84' lang='lat' dir='ltr'>exau</span> <span class='ocrx_word' id='word_1_466' title='bbox 367 3836 512 3902; x_wconf 86' lang='lat' dir='ltr'>oppaeae</span> <span class='ocrx_word' id='word_1_467' title='bbox 540 3818 768 3905; x_wconf 78' lang='lat' dir='ltr'>coniungitur.</span> <span class='ocrx_word' id='word_1_468' title='bbox 812 3819 858 3880; x_wconf 85' lang='lat' dir='ltr'>Ee</span> <span class='ocrx_word' id='word_1_469' title='bbox 879 3819 939 3882; x_wconf 89' lang='lat' dir='ltr'>diu</span> <span class='ocrx_word' id='word_1_470' title='bbox 959 3818 1065 3900; x_wconf 81' lang='lat' dir='ltr'>pellex</span> <span class='ocrx_word' id='word_1_471' title='bbox 1087 3826 1122 3879; x_wconf 86' lang='lat' dir='ltr'>et</span> <span class='ocrx_word' id='word_1_472' title='bbox 1141 3816 1235 3880; x_wconf 88' lang='lat' dir='ltr'>adui-</span> 
     </span>
     <span class='ocr_line' id='line_1_46' title="bbox 19 3900 1235 3984; baseline 0.002 -22"><span class='ocrx_word' id='word_1_473' title='bbox 19 3906 78 3963; x_wconf 85' lang='lat' dir='ltr'>tcri</span> <span class='ocrx_word' id='word_1_474' title='bbox 98 3903 263 3980; x_wconf 86' lang='lat' dir='ltr'>Neronis,</span> <span class='ocrx_word' id='word_1_475' title='bbox 284 3919 361 3964; x_wconf 82' lang='lat' dir='ltr'>mox</span> <span class='ocrx_word' id='word_1_476' title='bbox 382 3901 498 3965; x_wconf 83' lang='lat' dir='ltr'>mariti</span> <span class='ocrx_word' id='word_1_477' title='bbox 518 3907 636 3982; x_wconf 87' lang='lat' dir='ltr'>potens</span> <span class='ocrx_word' id='word_1_478' title='bbox 653 3901 817 3984; x_wconf 87' lang='lat' dir='ltr'>quendam</span> <span class='ocrx_word' id='word_1_479' title='bbox 837 3921 877 3964; x_wconf 86' lang='lat' dir='ltr'>ex</span> <span class='ocrx_word' id='word_1_480' title='bbox 897 3902 1061 3967; x_wconf 84' lang='lat' dir='ltr'>ministris</span> <span class='ocrx_word' id='word_1_481' title='bbox 1076 3900 1235 3964; x_wconf 85' lang='lat' dir='ltr'>Octaviae</span> 
     </span>
     <span class='ocr_line' id='line_1_47' title="bbox 20 3983 1234 4069; baseline 0.001 -23"><span class='ocrx_word' id='word_1_482' title='bbox 20 3985 162 4069; x_wconf 87' lang='lat' dir='ltr'>impulit,</span> <span class='ocrx_word' id='word_1_483' title='bbox 183 3985 340 4048; x_wconf 84' lang='lat' dir='ltr'>servilem</span> <span class='ocrx_word' id='word_1_484' title='bbox 361 3986 395 4048; x_wconf 90' lang='lat' dir='ltr'>ei</span> <span class='ocrx_word' id='word_1_485' title='bbox 415 4001 564 4052; x_wconf 85' lang='lat' dir='ltr'>amorem</span> <span class='ocrx_word' id='word_1_486' title='bbox 590 3984 755 4059; x_wconf 86' lang='lat' dir='ltr'>obiicere;</span> <span class='ocrx_word' id='word_1_487' title='bbox 791 3983 1044 4066; x_wconf 81' lang='lat' dir='ltr'>destinaturque</span> <span class='ocrx_word' id='word_1_488' title='bbox 1071 4004 1150 4047; x_wconf 86' lang='lat' dir='ltr'>reus</span> <span class='ocrx_word' id='word_1_489' title='bbox 1177 4003 1234 4047; x_wconf 78' lang='lat' dir='ltr'>co·</span> 
     </span>
     <span class='ocr_line' id='line_1_48' title="bbox 19 4065 1233 4152; baseline -0.001 -20"><span class='ocrx_word' id='word_1_490' title='bbox 19 4077 198 4152; x_wconf 79' lang='lat' dir='ltr'>grumento</span> <span class='ocrx_word' id='word_1_491' title='bbox 223 4068 381 4146; x_wconf 85' lang='lat' dir='ltr'>Enceraee,</span> <span class='ocrx_word' id='word_1_492' title='bbox 420 4067 555 4130; x_wconf 88' lang='lat' dir='ltr'>natione</span> <span class='ocrx_word' id='word_1_493' title='bbox 575 4065 810 4146; x_wconf 81' lang='lat' dir='ltr'>Alexandrina,</span> <span class='ocrx_word' id='word_1_494' title='bbox 838 4087 958 4130; x_wconf 88' lang='lat' dir='ltr'>canere</span> <span class='ocrx_word' id='word_1_495' title='bbox 983 4067 1075 4129; x_wconf 87' lang='lat' dir='ltr'>tibiis</span> <span class='ocrx_word' id='word_1_496' title='bbox 1106 4065 1233 4132; x_wconf 90' lang='lat' dir='ltr'>doctus.</span> 
     </span>
     <span class='ocr_line' id='line_1_49' title="bbox 19 4149 1234 4235; baseline 0 -21"><span class='ocrx_word' id='word_1_497' title='bbox 19 4155 116 4216; x_wconf 83' lang='lat' dir='ltr'>Actae</span> <span class='ocrx_word' id='word_1_498' title='bbox 140 4153 184 4214; x_wconf 93' lang='lat' dir='ltr'>ob</span> <span class='ocrx_word' id='word_1_499' title='bbox 204 4149 240 4214; x_wconf 91' lang='lat' dir='ltr'>id</span> <span class='ocrx_word' id='word_1_500' title='bbox 263 4149 304 4217; x_wconf 88' lang='lat' dir='ltr'>de</span> <span class='ocrx_word' id='word_1_501' title='bbox 324 4151 454 4216; x_wconf 84' lang='lat' dir='ltr'>aucillis</span> <span class='ocrx_word' id='word_1_502' title='bbox 483 4151 704 4235; x_wconf 80' lang='lat' dir='ltr'>quaestiones,</span> <span class='ocrx_word' id='word_1_503' title='bbox 737 4157 771 4212; x_wconf 87' lang='lat' dir='ltr'>et</span> <span class='ocrx_word' id='word_1_504' title='bbox 794 4149 831 4213; x_wconf 85' lang='lat' dir='ltr'>vi</span> <span class='ocrx_word' id='word_1_505' title='bbox 858 4157 1104 4214; x_wconf 83' lang='lat' dir='ltr'>tormentorum</span> <span class='ocrx_word' id='word_1_506' title='bbox 1134 4149 1234 4214; x_wconf 81' lang='lat' dir='ltr'>vietis</span> 
     </span>
     <span class='ocr_line' id='line_1_50' title="bbox 18 4231 1235 4317; baseline -0.002 -20"><span class='ocrx_word' id='word_1_507' title='bbox 18 4231 227 4314; x_wconf 82' lang='lat' dir='ltr'>quibusdam,</span> <span class='ocrx_word' id='word_1_508' title='bbox 258 4243 298 4300; x_wconf 90' lang='lat' dir='ltr'>ut</span> <span class='ocrx_word' id='word_1_509' title='bbox 326 4235 409 4298; x_wconf 77' lang='lat' dir='ltr'>falsa</span> <span class='ocrx_word' id='word_1_510' title='bbox 435 4242 633 4313; x_wconf 77' lang='lat' dir='ltr'>annuerent,</span> <span class='ocrx_word' id='word_1_511' title='bbox 672 4235 784 4317; x_wconf 84' lang='lat' dir='ltr'>plures</span> <span class='ocrx_word' id='word_1_512' title='bbox 836 4234 992 4298; x_wconf 88' lang='lat' dir='ltr'>erstitere</span> <span class='ocrx_word' id='word_1_513' title='bbox 1024 4233 1235 4296; x_wconf 75' lang='lat' dir='ltr'>sanctitatem</span> 
     </span>
     <span class='ocr_line' id='line_1_51' title="bbox 18 4315 1234 4406; baseline 0.001 -26"><span class='ocrx_word' id='word_1_514' title='bbox 18 4315 175 4384; x_wconf 89' lang='lat' dir='ltr'>dominae</span> <span class='ocrx_word' id='word_1_515' title='bbox 193 4320 292 4385; x_wconf 90' lang='lat' dir='ltr'>tueri.</span> <span class='ocrx_word' id='word_1_516' title='bbox 336 4319 385 4388; x_wconf 79' lang='lat' dir='ltr'>Ex</span> <span class='ocrx_word' id='word_1_517' title='bbox 406 4319 525 4405; x_wconf 85' lang='lat' dir='ltr'>quibus</span> <span class='ocrx_word' id='word_1_518' title='bbox 549 4337 618 4386; x_wconf 89' lang='lat' dir='ltr'>una</span> <span class='ocrx_word' id='word_1_519' title='bbox 641 4317 781 4386; x_wconf 82' lang='lat' dir='ltr'>instanti</span> <span class='ocrx_word' id='word_1_520' title='bbox 832 4315 970 4406; x_wconf 76' lang='lat' dir='ltr'>igellino</span> <span class='ocrx_word' id='word_1_521' title='bbox 998 4319 1234 4383; x_wconf 77' lang='lat' dir='ltr'>certiorarem</span> 
     </span>
    </p>
   </div>
   <div class='ocr_carea' id='block_1_7' title="bbox 0 0 1412 4792">
    <p class='ocr_par' dir='ltr' id='par_1_7' title="bbox 0 0 1412 4792">
     <span class='ocr_line' id='line_1_52' title="bbox 0 0 1412 4792; baseline 0 1"><span class='ocrx_word' id='word_1_522' title='bbox 0 0 1412 4792; x_wconf 95' lang='lat' dir='ltr'> </span> 
     </span>
    </p>
   </div>
  </div>
 </body>
</html>
