2884 4794
86 183 95 204 ⁸
163 193 231 262 ,62
582 185 829 254 ANNALIUM
855 117 941 255 Hb.
961 185 1021 254 xl.

187 358 278 418 navit.
297 375 326 413 v.
344 355 400 413 nso
418 359 464 424 aa,
482 356 549 414 ur‘
567 353 647 426 aaa.
666 353 712 412 es.
731 354 768 409 aa
784 351 822 410 e.
839 355 884 412 ns.
911 317 941 411 n.
960 357 987 410 r.
1006 356 1034 413 e.
1053 355 1099 412 ro.
1128 385 1161 400 -
1187 355 1322 410 mons
1346 355 1412 411 eae

187 431 222 484 li
244 449 267 483 s.
286 440 408 502 poster,
427 427 506 482 Pieli.
526 427 612 484 Grut.
632 445 695 552 epp.
713 428 861 480 maderet
879 427 923 482 ed.
942 425 1020 498 Spir.
1045 435 1075 482 et
1092 425 1149 480 ΜΒ.
1175 426 1258 481 Flor.
1279 429 1307 482 ei
1325 429 1415 494 Fene,

254 501 431 568 mundarent,
450 501 475 556 si
493 499 625 554 Victoria
685 515 714 552 ea
730 497 870 554 habenda.
896 497 1026 552 nmndoti
1050 497 1106 552 MS.
1132 497 1233 553 Gueli.
1262 499 1324 553 edd.
1346 501 1410 555 Put.

93 586 96 592 ’
185 577 214 630 1.
232 571 259 630 2.
278 573 342 630 Ber.
361 573 454 627 liban.
473 571 538 626 Ald.
559 571 637 640 lips.
656 571 780 640 priores.
800 602 833 612 -
852 571 1007 637 salinatore
1026 571 1058 624 in
1076 569 1134 625 MS.
1150 569 1247 624 caele.
1266 571 1411 636 fallimur.

184 643 539 771 ao'ttltlibllll
558 640 723 768 1131.
741 657 786 767 a·
805 640 1081 770 bltlltlbllte
1100 639 1203 770 tl?
1225 643 1261 694 ⁵¹*
1280 641 1413 770 libet*

184 787 236 912 Cib
250 787 286 840 ad
303 790 330 854 6,
349 789 378 855 1,
395 789 422 845 2.
451 813 485 826 -
510 784 605 858 priori
629 783 745 854 populo,
771 801 800 840 v.
819 785 901 852 adl,
919 789 947 851 1,
965 787 993 842 3.
1019 792 1050 838 at
1073 785 1138 840 lnd.
1158 783 1212 838 111.
1240 803 1268 838 v.
1287 786 1411 841 Dulium

159 903 162 912 ,
185 873 218 912 au
238 858 364 917 teutona.
529 889 532 896 ·
889 881 893 888 ·

161 987 165 997 ,
185 919 187 928 ’
256 933 283 988 3.
301 929 341 984 At
358 946 421 984 eum
438 929 594 984 Senonibus
609 926 799 998 pugnavimus
826 957 859 970 -
878 926 955 998 rupti
971 943 991 980 n
1008 927 1102 983 Gallia
1119 941 1225 992 samua,
1250 929 1289 983 ef.
1309 930 1356 993 1⁵,
1375 931 1408 984 41

184 1008 260 1056 extr.
282 1028 315 1038 -
334 1001 460 1070 Scilicet,
478 1019 506 1056 v.
526 1002 562 1056 ad
581 1006 607 1066 1,
625 1003 653 1064 8,
672 1005 697 1055 7.
728 1031 760 1042 -
780 998 940 1053 instruure
958 997 1037 1055 MSS.
1063 999 1146 1055 Flor.
1165 1000 1231 1052 Vnt.
1256 998 1353 1070 hipsii
1378 1001 1410 1052 in

183 1089 279 1150 marg.
298 1072 381 1130 Bodl.
403 1074 428 1127 R
469 1072 593 1128 .Gueli.
612 1071 682 1124 llud·
702 1069 764 1126 edd.
785 1071 843 1127 v'et.
862 1075 989 1124 atrum
1012 1071 1075 1128 edd.
1099 1073 1178 1143 Lips.
1205 1077 1235 1124 et
1259 1078 1315 1125 eet.
1343 1079 1409 1126 ante

183 1142 257 1198 Era.
277 1177 308 1188 -
325 1142 427 1199 Tuscis
478 1144 610 1207 areanae)
628 1141 740 1196 obsides
756 1140 885 1196 dedimus
902 1160 929 1196 a.
948 1144 983 1197 U.
1002 1145 1064 1199 246.
1084 1147 1110 1195 et
1121 1141 1290 1196 Samnitium
1309 1141 1409 1211 iugum

183 1214 338 1272 subivimus
357 1217 393 1270 ad
408 1216 540 1270 furculas
561 1213 701 1268 Caudinas
719 1231 743 1268 a.
763 1211 799 1270 U.
818 1215 880 1270 43³.
917 1213 994 1268 Illud
1021 1214 1208 1268 nothelmum
1233 1231 1269 1268 ex
1292 1213 1359 1267 hir.
1380 1219 1407 1277 l,

176 1291 228 1344 13.
243 1287 327 1342 ,Ptin
354 1290 399 1353 36,
426 1291 467 1344 13.
501 1285 559 1342 boe
584 1304 621 1340 ex
643 1286 708 1339 biv.
734 1287 761 1350 9,
786 1285 811 1340 5.
837 1287 863 1340 b·
900 1274 1073 1339 Sdmnitium
1097 1285 1160 1340 edd.
1186 1285 1265 1356 lips.
1291 1293 1322 1338 et
1348 1303 1407 1340 ree.

181 1356 341 1414 Samnitum
357 1376 457 1414 omues
477 1359 540 1414 edd.
558 1365 618 1413 ret.
636 1385 676 1424 ,-.
693 1361 790 1410 coacta
801 1357 899 1410 bella.-
918 1357 950 1410 in
969 1357 1027 1414 MS.
1047 1357 1146 1412 Gueli.
1166 1373 1228 1410 oum
1245 1360 1309 1409 ueto
1325 1357 1407 1410 bellu.

183 1461 219 1474 -
238 1432 346 1485 nullum
363 1427 488 1484 Maiore
506 1429 598 1506 spatio
617 1444 700 1499 quum
718 1429 851 1482 adversae
870 1427 969 1482 Gallos
987 1431 1157 1496 contectum:
1185 1429 1266 1496 „lta,
1293 1431 1319 1482 si
1339 1427 1408 1482 Gal·

183 1500 256 1556 liam
276 1502 426 1556 Comatam
479 1509 566 1569 aetas,
585 1499 621 1555 de
640 1519 696 1572 qua
713 1499 764 1552 bie
781 1500 895 1576 agitur:
929 1519 997 1554 nam
1022 1500 1133 1555 decimo
1157 1515 1233 1553 anno
1252 1517 1268 1553 a
1287 1499 1407 1554 Caesare

182 1573 348 1658 perdomita
365 1581 417 1629 est.
481 1572 552 1626 liter
569 1572 602 1624 in
619 1571 697 1637 aliis,
725 1571 803 1642 quod
820 1569 963 1647 historiae
987 1571 1121 1626 dioent.“
1144 1569 1224 1639 Lips.
1261 1572 1407 1626 adoneum

182 1641 326 1772 :bittit
369 1641 835 1796 ..οῗ.1ῗ”1ἷῗ“ἷἛῗ.ὼ11..ῗὲ
848 1642 1245 1796 liiidi‘b‘b'iffflipil
1252 1651 1406 1780 ’ἒῖἒέῗῖ

183 1792 214 1840 et
230 1785 302 1863 Agr.
321 1791 350 1846 l.
368 1805 398 1840 n.
417 1788 443 1844 ὅ.
463 1817 497 1830 -
516 1785 628 1852 Οηυιια,
648 1799 809 1856 quaenam
827 1785 1016 1839 semianime
1034 1787 1194 1852 medentur,
1223 1799 1295 1839 noua
1312 1788 1406 1852 fitne:

180 1856 331 1926 „Pulchra
355 1865 386 1912 et
408 1866 493 1912 acuta
517 1857 661 1912 sententia
683 1855 762 1910 baud
785 1857 947 1926 disparibus
974 1857 1070 1912 verbis
1098 1874 1233 1929 expressa
1258 1875 1275 1911 a
1302 1855 1405 1928 Synesi

125 1947 126 1952 ¹
183 1927 347 2000 Cyrenensi
365 1929 500 2001 episeopo
518 1929 550 1981 in
569 1944 613 1998 ep.
628 1929 671 1982 57.
691 1929 780 1982 renuti
798 1934 854 1982 roto
866 1927 986 1983 δεόντων
1003 1931 1019 1983 ό
1036 1933 1138 2000 χρόνος
1157 1925 1247 1999 ἐξεῦρε
1258 1933 1305 1982 καὶ
1323 1929 1405 2000 διωρ-

49 1981 52 1984 ’
111 2009 113 2014 “
180 2003 298 2056 bavaro.
319 1998 374 2070 οὐχ
392 2002 501 2054 ἅπαντα
517 1999 589 2070 πρὸς
606 1999 818 2068 παραδείγματα
836 2006 947 2067 γίνεται,
966 2003 1012 2053 καὶ
1029 2007 1083 2055 τῶν
1107 1999 1267 2070 γενομένων
1293 2001 1405 2055 ἕκαστον

181 2067 274 2141 ἀρχὴν
295 2072 371 2140 ἔσχε.
384 2069 472 2138 ,ἡμεῖς
495 2067 589 2140 ἀρχὴν
611 2068 705 2138 δοῖμεν
730 2071 788 2125 tan
804 2073 931 2138 βελτίονι,
960 2078 989 2125 et
1006 2071 1137 2126 breviter
1160 2069 1324 2125 aler-tull.
1342 2072 1403 2130 adr.

180 2141 269 2198 blare.
291 2147 317 2208 1,
336 2145 362 2199 9.
382 2141 475 2195 omnis
491 2157 539 2194 ree
558 2141 683 2194 anterior
697 2141 854 2210 posteriori
881 2156 1007 2194 nmmum
1023 2141 1295 2210 praeministrooitf‘
1324 2143 1402 2212 Ls'pe.

182 2215 228 2270 cf.
246 2216 291 2282 12,
310 2215 335 2270 6.
357 2221 387 2268 et
404 2213 505 2268 Horat.
526 2213 609 2283 epist
630 2213 656 2278 2,
677 2217 703 2278 1,
721 2216 758 2270 34
776 2231 818 2284 eq.
838 2214 1026 2282 magistratus
1046 2215 1150 2284 plebei,
1174 2223 1208 2266 ut
1232 2215 1324 2301 mulge
1345 2217 1404 2283 ple-

180 2286 235 2352 bia,
256 2284 392 2354 apleber,
409 2283 502 2353 plebei
520 2285 564 2346 (in
583 2301 650 2338 casu
663 2301 719 2337 see.
740 2292 769 2338 et
787 2284 888 2350 tertio)
908 2293 937 2338 et
956 2285 1154 2355 contnplebi,
1173 2293 1207 2338 ut
1221 2286 1298 2354 plebe
1319 2289 1404 2340 tribu·

180 2372 235 2412 nus
254 2359 299 2423 lo,
319 2359 363 2413 16.
383 2356 441 2410 nisi
461 2355 548 2408 scrib.
575 2353 616 2408 ibi
637 2353 733 2422 plebia'
755 2355 806 2408 vel
831 2357 920 2410 tertio
947 2373 1014 2409 casu
1033 2357 1144 2410 dietum
1159 2357 1237 2426 plebi
1261 2367 1291 2412 et
1309 2358 1401 2412 intell.

180 2427 369 2494 constitutus,
390 2433 512 2482 creatus.
549 2425 594 2479 Ita
613 2423 693 2478 Cart.
713 2426 750 2480 ad
767 2425 837 2482 Sall.
858 2425 920 2483 Cat.
941 2429 984 2484 38.
1005 2427 1051 2480 Cf.
1072 2428 1133 2481 Ind.
1155 2427 1192 2482 11.
1218 2448 1246 2482 v.
1262 2432 1358 2500 plebea
1376 2437 1403 2484 et

181 2497 329 2556 Schelleri
347 2499 416 2554 Lex.
437 2525 471 2538 -
489 2497 565 2550 inter
583 2497 709 2564 exemplu
727 2499 782 2552 erit
799 2505 852 2563 „et
870 2498 989 2570 quidem
1006 2501 1140 2570 pessima
1178 2498 1228 2554 sic
1247 2504 1327 2556 enim
1346 2501 1403 2555 eri·

179 2569 241 2626 luit
257 2569 386 2624 Romana
411 2569 549 2645 dignitas,
581 2567 624 2622 sie
646 2569 738 2638 periit
765 2571 869 2625 virtus.
917 2569 1020 2624 Crevit
1037 2569 1156 2640 quidem
1174 2571 1402 2650 alienigenarum

179 2641 283 2713 opibus
301 2641 401 2709 Roma,
426 2639 476 2695 sed
500 2639 660 2694 maioribus
678 2648 763 2694 aucta
781 2641 873 2697 vitiis.
894 2639 1048 2694 Claudium
1067 2658 1161 2696 omnes
1179 2643 1312 2712 Graecos,
1338 2645 1402 2698 Gol-

87 2715 124 2774 “.
180 2713 235 2780 lor,
253 2711 411 2782 Hispanos,
428 2711 586 2766 Britannos
605 2716 718 2778 togatos
735 2712 831 2765 uidere
848 2713 1029 2766 meditantem
1053 2713 1160 2767 irridet
1183 2713 1248 2769 Sen.
1275 2718 1307 2770 in
1325 2722 1401 2772 Ἀπο-

179 2787 374 2840 κολοκυντώσει
397 2791 427 2837 et
450 2783 486 2837 de
510 2783 706 2866 ben.6,19.“
728 2781 809 2837 Brol.
846 2782 889 2837 Ab
908 2784 1048 2861 Augusta
1072 2783 1190 2840 Tiberio
1215 2793 1245 2841 et
1268 2785 1400 2866 Caligula

179 2856 279 2938 paneis
297 2855 464 2941 peregrinis
484 2855 589 2938 ciritae
608 2853 683 2918 date,
703 2872 719 2907 a
736 2854 854 2938 lierone
872 2855 1003 2938 Gpaeeis,
1021 2873 1038 2908 a
1052 2854 1151 2924 Galba,
1175 2855 1288 2943 Otbpue
1306 2868 1336 2913 et
1350 2863 1399 2944 Va

178 2941 313 3054 imo
320 2926 445 3054 52¹}ssssss
462 2924 588 2979 Traiano
607 2931 637 2978 et
654 2924 801 2981 Hadriano
819 2925 940 2992 multus„
952 2944 969 2979 a
987 2925 1136 2982 Caracalla
1163 2930 1296 2985 omuibus
1326 2930 1399 3022 orbis

626 3149 649 3205 G
667 3147 694 3202 A
710 3149 731 3202 P
750 3148 777 3203 U
794 3147 820 3202 Τ
861 3147 962 3202 XXV.

264 3254 460 3320 Orationem
475 3217 782 3340 'Principis'secuto
804 3255 942 3319 Petrum
969 3259 1135 3338 consulto,
1164 3261 1267 3344 primi
1293 3259 1397 3326 Aedui

58 3397 61 3404 ,
179 3345 373 3403 senatorum
393 3341 431 3402 in
450 3339 542 3402 Urbe
562 3343 615 3403 ius
636 3339 749 3422 adepti
771 3347 858 3400 sunt.
903 3339 1028 3402 Datum
1049 3341 1084 3404 id
1107 3343 1236 3406 foederi
1264 3348 1396 3428 antiquo

180 3429 215 3484 et
236 3424 312 3504 quia
333 3423 397 3485 soli
420 3419 595 3484 Gallorum
617 3423 838 3484 fraternitatis
861 3441 981 3486 nomen
1004 3443 1080 3486 cum
1107 3428 1231 3509 populo
1253 3427 1396 3492 Romano

179 3513 354 3586 usurpant.
398 3503 521 3566 lisdem
542 3503 659 3566 diebus
681 3507 716 3566 in
738 3523 917 3567 numerum
938 3509 1160 3588 patriciorum
1181 3512 1302 3574 ascivit
1320 3509 1396 3574 Cae·

179 3605 237 3649 aar
256 3589 521 3650 vetustissimum
543 3605 703 3670 quemque
725 3607 743 3650 e
763 3595 881 3650 senatu
902 3598 961 3651 aut
992 3589 1113 3672 quibus
1135 3592 1220 3656 clari
1247 3603 1395 3676 parentes

177 3657 324 3748 iuerau't,
351 3672 469 3753 paucis
495 3672 562 3732 iam
588 3671 725 3753 reliquis
756 3671 970 3750 familiarum,
1028 3693 1087 3736 uas
1109 3675 1271 3748 Romulus
1303 3681 1395 3741 maio-

95 3775 97 3784 ·
125 3795 129 3800 -
180 3767 247 3815 rom
278 3761 313 3814 et
339 3753 380 3815 L.
403 3753 543 3828 Brutus,
560 3755 711 3818 minorum
743 3757 887 3836 gentium
917 3694 1191 3838 appellaverant,
1234 3759 1394 3824 exhaustis

179 3837 293 3912 etiam,
320 3855 398 3917 quas
427 3833 573 3898 dictator
604 3835 725 3900 Caesar
752 3837 825 3926 lege
848 3836 962 3900 Cassia
988 3847 1023 3900 et
1050 3839 1210 3924 Princeps
1229 3843 1394 3930 Augustus

179 3917 253 4004 lege
275 3917 396 3980 Saenia
417 3918 603 4003 sublegere.
646 3921 816 4002 Laetaque
835 3918 916 3984 haee
936 3921 972 3982 in
994 3941 1067 3984 rem
1098 3924 1265 4006 publicam
1286 3929 1395 3989 munia

179 4001 287 4064 multo
317 3999 441 4088 gaudio
478 4000 638 4066 Censoris
670 4003 854 4066 inibantur.
906 4003 1060 4066 Famosos
1091 4007 1227 4090 probris
1258 4029 1393 4092 quonam

177 4083 278 4146 modo
299 4091 417 4146 senatu
439 4081 622 4166 depelleret
642 4087 759 4148 anxius
780 4088 896 4148 mitem
918 4096 952 4148 et
970 4105 1087 4149 reeens
1107 4099 1276 4174 repertam
1303 4111 1393 4176 quam

177 4185 219 4229 ex
240 4167 421 4230 severitate
442 4167 554 4249 prisea
582 4169 747 4231 rationem
768 4166 920 4231 adhibuit
940 4169 1119 4252 monendo,
1146 4193 1249 4242 eecaom
1264 4181 1393 4264 quisque

176 4249 217 4326 de
236 4269 271 4316 se
291 4249 491 4317 comoltoret
505 4261 693 4336 peteretque
713 4253 765 4320 ios
786 4249 922 4320 exano
940 4253 1082 4342 sardinia
1120 4255 1258 4354 Facilem
1271 4261 1392 4326 eiosrer'
