2854 4788
165 212 228 306 lte
549 229 798 326 ᾼιιιιιιιιιιι
820 231 906 300 nm.
928 231 1025 298 xvr.
1154 261 1159 272 ·

165 403 617 546 ete-‘tetemet
632 393 1365 544 ;tct„e⁰;teen‚titette

236 549 264 604 2.
283 565 368 616 ceper
385 549 526 618 ingruens
541 547 706 618 perieulum,
747 553 843 600 meter
860 546 880 599 i·
898 563 929 616 p.
949 542 994 599 Gi.
1014 542 1077 596 lud.
1089 542 1127 596 ll.
1145 559 1231 612 ceper
1246 544 1367 610 ingruere

165 621 249 688 longo
267 621 364 674 dolere
378 620 536 690 periculum
554 627 638 674 atron
657 618 699 672 ed.
719 563 797 688 Epir.
816 647 848 660 -
886 615 1052 684 cangeiaco·
1069 619 1097 666 et
1119 622 1211 668 oestee
1228 629 1366 683 respersos,

165 687 261 748 tame
280 691 363 746 δυοῖν
379 708 434 762 pro
452 694 542 746 ceetee
558 691 700 758 eaaguine
715 703 872 758 respersae.
910 689 945 743 In
963 687 1021 744 MS.
1039 688 1064 740 A
1104 687 1274 753 demine
1290 693 1367 739 cester

165 779 311 832 respersae
336 781 372 816 ex
397 763 507 819 emend.
529 795 561 806 -
597 763 683 816 viduo
709 761 813 824 Plauti,
839 759 974 825 Pollutia,
999 701 1123 827 impilm
1145 759 1219 811 luctu
1243 759 1366 823 matium,

68 859 71 876 ι
165 837 203 888 ei.
223 834 259 889 ed
279 839 321 900 15,
340 837 386 900 51,
406 840 433 890 1.
469 835 590 902 implero
615 837 758 905 γραφικῶς
781 830 902 898 dictum,
928 829 1006 902 quod
1027 837 1126 884 temen
1144 829 1295 883 delendum
1312 847 1368 882 cen·

165 906 245 960 tebet
262 905 345 964 leid.
365 914 501 976 tanquam
520 923 535 960 e
550 907 727 975 repetitione
745 905 826 958 eoois
845 903 972 972 amplexo
990 909 1102 968 netum,
1122 909 1153 956 et
1163 901 1246 954 uncie
1263 900 1368 954 inclusit

164 977 255 1034 Bakk.
275 978 337 1030 Alii
355 979 507 1031 coniecere
525 974 620 1042 exero,
639 975 761 1045 impero,
780 975 896 1044 impleta
915 982 944 1028 et
962 974 1074 1038 innexa.
1095 972 1140 1026 Gi.
1158 972 1244 1026 llotlu.
1263 971 1296 1026 ad
1311 971 1366 1024 Tac.

164 1050 236 1126 Agr.
254 1067 284 1122 p.
306 1051 365 1105 163·
385 1081 418 1092 --
454 1064 505 1102 nee
528 1049 596 1101 ollio
614 1047 771 1109 alimentis,
799 1050 837 1104 of.
858 1045 921 1103 lnd.
942 1046 996 1099 111.
1025 1063 1053 1101 v.
1073 1044 1225 1098 Adiectum
1251 1044 1281 1098 in
1303 1049 1367 1096 sesto

164 1137 232 1176 eaeo
257 1120 385 1174 obsolute
407 1121 513 1188 poeita.
551 1118 624 1174 lliele
647 1133 701 1172 usa
725 1117 857 1172 additum
880 1121 912 1172 in
938 1115 993 1172 ets.
1019 1117 1091 1192 Agr.
1119 1125 1151 1170 et
1176 1115 1220 1170 ed.
1239 1115 1325 1187 llycln
1341 1121 1367 1165 ιι

163 1191 251 1265 paulo
268 1199 337 1263 post
356 1207 389 1244 ne
407 1201 474 1246 ente
492 1207 626 1258 egreeeue
644 1189 777 1244 obsidem
794 1191 826 1244 iu
841 1189 918 1247 MSS.
931 1189 1001 1265 Reg.
1014 1187 1100 1242 Gurb.
1112 1187 1213 1244 Guelf.
1233 1186 1275 1254 (in
1290 1203 1366 1260 merg.

163 1283 180 1318 a
198 1283 237 1318 m.
257 1263 330 1332 sec.)
354 1270 383 1316 et
402 1263 444 1316 ed
464 1261 541 1334 Spir.
561 1295 595 1306 -
632 1263 761 1316 audiret:
790 1263 823 1315 in
847 1261 904 1317 MS.
929 1262 999 1386 Ape.
1025 1276 1058 1314 ne
1086 1259 1234 1314 occideret.
1252 1292 1283 1302 -
1316 1273 1368 1309 aem

163 1333 390 1391 consulatuum·
408 1335 546 1404 quondam
562 1335 700 1404 collegam
718 1336 758 1397 (v.
779 1337 821 1396 te,
841 1333 899 1400 11.)
917 1335 951 1388 de
974 1337 1031 1384 eret
1049 1331 1160 1392 liberto,
1179 1351 1207 1383 v.
1225 1331 1297 1395 adl,
1312 1331 1367 1394 tt.
1404 1331 1405 1398 l

164 1407 246 1461 etad
266 1407 309 1472 tt,
328 1408 374 1470 20,
392 1409 420 1460 2.
458 1407 546 1460 Paulo
570 1414 639 1476 post
660 1405 776 1459 mulieri
798 1403 923 1458 heiulatu
947 1404 1004 1460 MS.
1028 1401 1108 1458 Flor.
1139 1409 1212 1458 teste
1235 1401 1368 1456 1111.-
1404 1407 1405 1452 ζ

52 1517 54 1524 ,
163 1495 259 1532 emm
276 1493 403 1546 egresso,
422 1495 450 1534 v.
471 1479 514 1545 ed,
534 1481 561 1543 3,
580 1481 626 1545 21,
643 1479 670 1532 2.
692 1505 724 1516 -
760 1475 898 1546 Princepe
919 1475 1087 1530 immobilem
1106 1491 1137 1527 ee
1152 1471 1280 1542 precibus
1296 1477 1317 1526 et
1333 1471 1368 1524 ιἰι-
1404 1521 1405 1532 ἶ

163 1549 258 1604 vidiae
276 1549 356 1602 turea
375 1549 508 1616 octendit,
535 1548 565 1602 h.
587 1567 610 1604 e.
639 1549 776 1604 adversus
804 1567 908 1620 preces
935 1550 1017 1602 iuxta
1036 1555 1065 1600 et
1089 1546 1248 1613 invidiam
1276 1540 1367 1598 tt'atct
1404 1545 1405 1610 J

165 1623 276 1678 emend.
296 1621 359 1674 niv.
379 1640 408 1692 p.
424 1625 468 1678 32.
495 1622 585 1688 iuxta,
605 1639 705 1693 aeque,
724 1622 846 1691 pariter,
867 1617 896 1682 ἔξ
913 1623 979 1686 ἴσης,
1000 1617 1046 1671 cf.
1066 1617 1130 1672 lud.
1143 1619 1183 1673 11.
1204 1623 1232 1670 et
1250 1617 1368 1670 cinisium

116 1697 117 1701 ’
164 1694 196 1747 in
216 1693 274 1748 MS.
293 1692 364 1746 liud.
386 1701 415 1747 et
433 1692 559 1748 deletum
579 1693 612 1747 ab
631 1692 727 1748 Obori.
746 1694 798 1775 qui
822 1693 883 1744 vim
901 1691 1062 1763 particulae
1082 1689 1164 1742 iuxta
1188 1705 1247 1742 non
1264 1688 1332 1757 cepit
1347 1693 1369 1738 et
1404 1683 1405 1752 i

164 1783 321 1838 perperam
348 1763 476 1818 contulit
504 1764 569 1818 Liv.
593 1767 639 1832 21,
666 1765 708 1821 te.
745 1763 856 1818 canidio
882 1765 993 1816 frustra
1020 1763 1096 1815 coni.
1115 1760 1137 1816 1.
1165 1761 1217 1814 Fr.
1246 1759 1327 1812 Gron.
1343 1765 1369 1808 ut
1404 1815 1405 1820 ἵ

164 1855 265 1892 sensus
283 1838 332 1900 eit,
352 1837 500 1890 Neronem
517 1852 572 1890 neo
589 1836 726 1906 precibus
750 1851 804 1889 neo
828 1834 995 1889 reverentia
1012 1833 1107 1886 famae
1126 1841 1179 1886 eut
1197 1831 1265 1885 mal'
1286 1833 1314 1884 ni
1329 1847 1367 1880 ru·

163 1911 509 2050 prptpipi'meppckmotum.
551 1907 646 1984 Immo
673 1906 784 1960 meddin
810 1905 881 1960 11.1.
907 1913 961 1973 est,
993 1922 1080 1976 quam
1104 1905 1232 1958 iaciebat
1255 1903 1262 1916 ‘
1290 1903 1296 1914 '
1320 1900 1369 1952 lilia

285 2016 294 2047 i

627 2081 823 2148 CAPUT
866 2082 926 2138 Xl.

246 2193 336 2280 Ergo
357 2193 492 2254 nuntiet
512 2189 614 2274 petri,
636 2191 782 2255 abiicere
804 2211 895 2274 spem
918 2191 1024 2254 etuti
1046 2190 1254 2254 necessitate.
1280 2185 1368 2252 Simul
1404 2223 1405 2234 ι

164 2279 317 2354 effertur,
339 2277 455 2360 pareri
477 2276 702 2360 cognitionem
724 2284 858 2337 senatus
880 2283 915 2338 et
934 2283 1064 2336 trucem
1086 2275 1292 2337 sententium.
1312 2269 1370 2332 Neo
1404 2273 1405 2278 ’

164 2360 303 2423 defuere
324 2361 380 2441 qui
401 2365 589 2436 monerent,
612 2378 730 2444 magne
751 2379 791 2420 ex
813 2367 909 2442 perte
930 2356 1089 2421 heredem
1107 2355 1283 2422 Caesarem
1301 2373 1370 2415 nun·

164 2463 290 2526 cupere
312 2452 412 2526 atque
432 2444 481 2504 ite
501 2441 679 2522 nepotibus
708 2440 749 2503 de
780 2443 911 2525 reliquo
933 2441 1118 2505 consulere.
1162 2437 1258 2504 Quod
1277 2456 1370 2519 asper-

164 2535 275 2604 natus,
304 2544 346 2588 ne
375 2527 480 2588 vitem
507 2525 661 2608 proxime
687 2525 878 2588 libertatem
904 2534 1012 2587 actem
1044 2523 1229 2585 novissimo
1250 2521 1370 2584 servitio

116 2623 121 2638 ⁶
165 2608 328 2688 foedaret,
350 2609 499 2696 largitur
520 2611 556 2670 in
577 2627 694 2670 servos
711 2619 870 2691 quantum
892 2606 1008 2670 aderet
1028 2609 1205 2689 pecuniae,
1226 2616 1260 2669 et
1278 2606 1305 2667 si
1321 2620 1370 2684 qne

164 2713 198 2756 es
224 2693 332 2755 ortari
360 2699 506 2776 possent,
541 2691 606 2754 sibi
629 2709 725 2774 quem
748 2711 791 2753 ue
819 2689 996 2768 deducere,
1031 2692 1095 2751 tris
1123 2688 1225 2752 modo
1251 2685 1370 2750 lectulos

116 2775 118 2782 ’
165 2796 185 2838 a
235 2795 392 2858 supreme
419 2775 563 2836 retineri
590 2775 693 2836 iubet.
768 2795 833 2837 unc
864 2773 981 2837 eodem
1008 2775 1044 2834 in
1070 2773 1240 2850 cubiculo,
1274 2767 1371 2832 eodem

165 2863 259 2922 ferro
281 2857 480 2922 abscindunt
500 2878 613 2935 venas,
636 2861 841 2940 properique
862 2865 896 2920 et
924 2857 1066 2944 singulis
1094 2857 1244 2920 vestibus
1263 2851 1303 2916 ed
1326 2869 1371 2912 ve·

165 2943 360 3005 recundiem
381 2941 483 3007 velati
504 2939 630 3002 balneis
651 2942 857 3020 inferuntur,
890 2947 987 3022 pater
1015 2940 1128 3010 tiliam,
1150 2943 1227 3002 avie
1246 2944 1371 3018 neptem,
1404 2963 1405 2966 ¹

165 3027 224 3088 illa
245 3034 406 3109 utrosque
427 3027 582 3102 intuens,
605 3031 640 3085 et
661 3027 814 3086 certatim
838 3035 1012 3106 precantes
1040 3023 1166 3084 lebenti
1188 3025 1311 3084 animm
1328 3035 1372 3077 ce-

165 3109 272 3171 lerem
301 3111 440 3188 exitum,
472 3113 512 3168 ut
543 3107 771 3189 relinquerent
799 3127 877 3172 suos
904 3108 1104 3188 superstites
1132 3114 1168 3167 et
1196 3106 1371 3166 moriturus.

166 3191 388 3274 Servavitque
409 3187 563 3251 ordinem
584 3193 730 3268 fortuna,
762 3209 800 3251 ac
821 3190 935 3252 senior
957 3191 1169 3271 prius,'tum,
1206 3189 1260 3250 cui
1282 3186 1372 3266 prime

166 3283 268 3351 aetat,
297 3275 569 3374 exstinguuntur.
619 3271 776 3336 Accuseti
804 3282 881 3357 post
908 3273 1116 3354 sepulturam
1144 3271 1372 3347 decretumque,

165 3365 204 3420 ut
236 3377 331 3419 more
360 3376 525 3418 maiorum
558 3359 772 3439 punirentur.
818 3357 878 3418 «Ec
904 3356 997 3418 Nero
1024 3357 1217 3418 intercessit
1249 3361 1373 3414 mortem
1404 3407 1405 3430 ¹

165 3442 238 3586 {ine
259 3441 389 3502 arbitro
411 3442 619 3521 permittens.
662 3439 708 3502 Ea
737 3437 893 3504 caedibus
916 3439 1060 3522 peractis
1087 3437 1236 3500 ludibria
1255 3433 1372 3524 ediicie-
1404 3479 1405 3506 p

190 3531 300 3586 antur.
1404 3569 1405 3576 ,

237 3615 263 3680 l.
287 3624 367 3692 Ergo
394 3621 506 3676 nuntiat
526 3621 618 3691 putri,
647 3621 772 3676 obiicere
790 3637 877 3690 opem,
900 3641 928 3678 v.
948 3620 985 3676 ed
1001 3623 1029 3689 2,
1048 3623 1094 3688 65,
1114 3626 1139 3678 l.
1177 3635 1265 3688 aegro
1282 3613 1371 3668 emila!

162 3695 246 3764 patri
264 3696 374 3750 obicere
391 3711 469 3764 spem
486 3693 529 3749 ed.
549 3691 628 3764 Spir.
648 3727 682 3737 -
719 3693 762 3746 uti
781 3694 958 3759 necessitate,
977 3702 1108 3748 extremo
1127 3693 1253 3776 refugio,
1272 3688 1316 3742 vel
1330 3701 1371 3738 ne·

166 3767 297 3838 cessitati
323 3783 438 3838 perere,
470 3783 501 3818 se
524 3765 758 3831 accommodam
786 3766 856 3820 Ere.
880 3787 912 3808 —
947 3763 1006 3818 Nec
1029 3766 1142 3832 defuere
1165 3781 1213 3834 que
1240 3761 1369 3821 mereat,

165 3855 273 3907 magno
295 3855 329 3892 ex
351 3845 435 3906 parte
460 3834 587 3890 heredem
606 3838 757 3890 cacconem
780 3853 935 3906 eracapere
963 3845 1017 3891 cet.
1047 3854 1072 3889 v.
1093 3836 1129 3889 ad
1148 3840 1191 3904 ll,
1219 3839 1244 3900 1,
1262 3835 1287 3888 2.
1305 3837 1330 3882 et
1344 3825 1371 3878 ‘lt

165 3927 199 3964 re
218 3911 253 3964 ad
272 3913 300 3977 2,
319 3913 365 3977 18,
389 3915 411 3966 Ι.
450 3909 564 3974 defuere
581 3907 656 3964 MSS.
677 3908 757 3962 Flor.
777 3907 864 3974 (teste
881 3907 971 3976 Vict.)
990 3907 1090 3963 Guetf.
1115 3907 1177 3962 edd.
1197 3907 1273 3976 Spir.
1291 3899 1369 3954 Rieu.

164 3983 192 4040 2.
211 3985 238 4038 ³.
260 4000 322 4052 sqq.
359 3983 509 4048 defuerunt
534 3979 597 4034 edd·
625 3983 690 4036 Ber.
719 3979 812 4034 Rhen.
837 3984 864 4034 1.
900 3981 1049 4048 deficerent
1077 3978 1141 4036 edd.
1166 3979 1229 4032 Pas.
1254 3982 1278 4032 l·
1304 3975 1327 4027 l·
1345 3995 1371 4006 -

164 4052 252 4107 eitam
274 4052 404 4121 proxime
426 4052 587 4106 libertatem
613 4058 715 4119 actam,
748 4059 851 4106 vetere
874 4050 1011 4106 libertate
1038 4065 1131 4122 prope
1148 4055 1276 4111 retentu
1301 4043 1370 4096 Brot-

166 4123 211 4180 Gi.
231 4126 267 4178 ed
286 4127 329 4190 15,
350 4127 393 4189 15,
412 4126 438 4179 2.
457 4123 586 4178 mnae
604 4125 647 4178 ed.
667 4118 687 4177 S
709 4124 744 4178 ir.
766 4149 799 4161 ·-
823 4123 852 4177 ei
873 4139 939 4194 qua,
955 4141 984 4180 v.
1002 4121 1039 4176 ad
1057 4122 1088 4178 0.
1107 4124 1134 4176 3.
1153 4141 1182 4174 ιι.
1199 4123 1268 4177 2.-
1287 4129 1372 4192 131θῆ-

166 4195 237 4259 tari,
256 4195 413 4260 removeri,
431 4195 551 4258 auferri,
576 4201 610 4247 ut
626 4211 663 4265 pe
699 4211 715 4248 o
739 4201 807 4266 post
826 4195 972 4250 deducen.
1009 4193 1044 4246 ln
1069 4191 1114 4246 ed.
1138 4191 1214 4265 Spir.
1234 4191 1370 4257 exportare,

166 4273 196 4318 et
213 4265 320 4320 deinde
337 4266 396 4320 aiot
413 4279 548 4348 quaeque,
565 4273 600 4318 ιιι
617 4266 650 4318 in
668 4266 725 4324 tte.
744 4267 768 4332 ll
808 4303 815 4320 .
835 4299 866 4312 .-
905 4267 945 4320 od
962 4281 1102 4334 nprema,
1120 4283 1150 4322 v.
1168 4263 1203 4318 ed
1220 4267 1247 4328 1,
1264 4263 1289 4324 Β,
1308 4261 1369 4335 1·ss

163 4335 332 4406 propere'w
351 4363 383 4378 ·-
400 4335 514 4392 emen
531 4336 706 4405 infernum,
729 4341 767 4392 ct.
802 4338 851 4394 nd.
870 4336 925 4393 111.
953 4356 982 4392 v.
1001 4334 1151 4391 Adiectiw
1172 4351 1224 4406 pro
1247 4327 1371 4386 adredus
