2800 4790
1045 6 1282 14 --—.—..—.

165 203 311 270 saror
332 160 658 298 xxvnr-x'rrx.
687 205 741 284 (ι.
763 203 805 270 o.
827 205 899 278 ooo.
920 204 960 272 ι
983 203 1019 272 c.
1041 205 1110 290 so.)
1189 209 1253 278 ιιι

457 367 648 434 CAPUT
701 369 825 432 xxix.

113 482 220 547 Varie
240 469 354 545 babile
374 497 413 541 ac
433 497 532 560 saepe
551 480 727 543 immutata
748 481 821 544 eius
843 484 895 550 rel
915 483 1032 548 forma.
1076 481 1165 548 Nam
1184 483 1252 550 Au.

40 575 148 652 gustus
170 567 303 632 senatui
324 564 471 650 deligere
491 562 645 645 permisit
665 565 867 646 praelectosa
895 560 1016 633 deinde
1036 567 1164 632 ambitu
1183 572 1252 634 sui·

40 653 220 738 regiorum
252 655 407 734 suspecto
440 654 532 710 sorta
571 645 777 710 ducebantur
803 667 843 711 ex
872 668 1013 714 numero
1043 657 1239 734 praetorum

40 737 89 818 qni
109 741 314 818 praeessent.
356 730 474 813 Neque
494 727 530 794 id
550 728 609 794 diu
629 733 764 814 mansit,
798 732 875 813 qnia
904 753 978 798 sors
1006 731 1184 812 deerrabat
1209 696 1253 799 ad

40 837 151 899 parum
179 816 329 881 idoneos.
378 813 476 877 Tunc
504 811 663 876 Claudius
692 825 885 899 quaestores
922 837 1059 882 rursum
1092 819 1253 902 imposuit

38 899 1252 1051 tiit?idiiffi{titisse-'it:tttttttr‘litdii

38 1005 221 1156 gistratunl
237 1031 495 1154 capessentibus.
545 1068 656 1157 Igitur
684 1068 779 1136 Nero
804 1076 964 1155 praetura
997 1005 1191 1157 plertunctos
1218 1077 1253 1136 et
1364 1109 1373 1120 κ

39 1156 240 1238 experientia
260 1155 420 1238 probatos
443 1152 575 1242 delegit.

100 1260 126 1313 1.
146 1255 315 1310 inauriatur
333 1257 364 1311 in
383 1255 427 1314 ed.
447 1254 526 1329 Spir.
546 1261 664 1311 mutata
684 1282 718 1296 -
737 1255 799 1312 eise
816 1254 863 1311 rei
878 1259 983 1324 forma
1003 1271 1074 1312 cun
1087 1253 1253 1312 otmarum

38 1327 214 1398 publicarum
232 1337 263 1384 et
280 1330 404 1396 aerarii3
429 1327 463 1384 ds
488 1345 545 1400 quo
573 1346 601 1388 r.
621 1330 700 1454 [sipla.
727 1329 801 1384 Exc.
820 1328 860 1386 11.
884 1328 920 1385 ad
937 1327 1005 1386 Tac.
1024 1327 1099 1384 ain.
1118 1327 1196 1382 xtlt.
1221 1329 1253 1384 in

39 1417 89 1470 quo
107 1400 224 1478 singula
241 1400 330 1454 buius
353 1417 416 1472 cap.
440 1401 528 1455 verba
549 1399 622 1458 bene
644 1403 656 1454 i
683 1407 801 1456 usnam.
838 1399 913 1456 Ante
937 1401 1152 1473 imperatorum
1178 1409 1254 1456 tem·

38 1487 101 1542 pora
129 1473 241 1528 serario
270 1473 432 1544 praepositi
454 1473 583 1544 primum
608 1472 753 1558 eonsules,
782 1472 887 1528 deinde
906 1473 1018 1558 'aediles
1048 1472 1157 1545 plebis,
1188 1479 1253 1526 tum

39 1544 1116 1697 esras?misereretene?<testatiora
1128 1558 1254 1674 ιιι

38 1693 144 1740 reantur
159 1703 247 1756 perm.
269 1688 322 1742 del.
339 1704 387 1756 pr.
412 1688 475 1742 edd.
501 1685 579 1758 spir,
598 1685 689 1744 Beklr.
712 1687 845 1755 prernieit
869 1705 927 1744 een.
954 1687 1008 1744 del.
1034 1689 1175 1758 prefectos
1192 1685 1253 1748 MS.

37 1755 130 1812 Gneli.
149 1759 283 1828 pennisit
301 1775 359 1814 sen.
380 1759 435 1812 del.
452 1776 498 1830 pr.
519 1757 580 1815 edd
599 1759 668 1817 Put.
679 1762 705 1814 1.
715 1761 741 1816 2.
763 1779 825 1832 sqq.
845 1793 878 1805 -
898 1760 999 1816 deinde
1015 1758 1073 1815 MS.
1087 1757 1169 1818 Flor.
1189 1757 1251 1818 edd.

37 1829 118 1954 idm
138 1829 350 1957 Walth.ddein
374 1829 437 1886 edd.
456 1839 511 1890 cet.
536 1859 569 1876 -
590 1845 676 1902 neque
694 1829 728 1884 id
745 1831 797 1886 dtu
814 1831 935 1888 moestis
962 1831 995 1886 in
1013 1831 1056 1888 ed.
1071 1829 1148 1905 bpir.
1168 1846 1255 1903 nsque

78 1907 235 1970 persanat
274 1903 314 1962 iu.

99 1975 125 2032 2.
138 1974 247 2045 iisque:
266 1977 298 2030 in
307 1971 592 2046 impietatisque,
610 1972 729 2031 in‘ed.S
749 1975 788 2032 ir.
798 1974 946 2047 isquam.
957 1975 1114 2043 adum.
1128 2001 1161 2016 -·
1170 1973 1256 2030 bono-

37 2060 77 2098 res
83 2047 215 2114 permisit
234 2046 334 2114 (dedit,
352 2047 512 2113 mandarit)
532 2045 611 2104 MSS.
622 1989 801 2102 Guelilud.
821 2063 839 2102 a
857 2065 896 2102 m.
916 2063 971 2102 seo.
992 2045 1074 2102 Harl.
1095 2047 1255 2103 Bodl.1es.

37 2117 91 2170 edd
110 2128 178 2173 ante
197 2118 276 2176 Pica
295 2125 325 2175 et
363 2125 409 2172 ost
425 2116 580 2188 Era-ton.
601 2119 739 2188 promisit
757 2117 840 2176 MSS.
859 2118 939 2179 Flor.
965 2121 1054 2189 (teste
1071 2115 1165 2184 Picis)
1182 2118 1254 2180 llud

36 2187 61 2252 (ι
77 2207 114 2244 m.
131 2190 193 2264 pr.)
211 2191 274 2248 edd
293 2136 374 2248 piel.
393 2209 456 2262 sqq.
474 2207 567 2262 usque
585 2189 621 2245 ad
637 2188 709 2247 Ειιι.
735 2191 868 2247 Honores
887 2191 938 2245 isti
956 2198 1025 2246 sunt
1041 2197 1205 2265 praeturae.
1224 2209 1254 2251 r.

35 2258 84 2314 llio
107 2263 152 2328 it,
172 2265 218 2321 24.
244 2270 273 2316 et
296 2263 375 2334 Lips.
402 2261 458 2319 tl.
496 2261 530 2318 Si
554 2269 622 2332 post
645 2262 752 2316 aerarii
776 2279 876 2317 curam
921 2264 1011 2318 rivati
1038 2263 1255 2332 remansissent,

35 2339 99 2386 netu
118 2333 305 2404 offensionum
323 2334 443 2404 segnius
462 2333 668 2388 consuluissent
686 2333 815 2402 aerari03
839 2279 920 2389 ised
946 2362 981 2374 -
1003 2335 1115 2390 deerat:
1141 2334 1174 2388 in
1191 2333 1253 2393 lllS.

35 2405 124 2460 Gadi.
145 2415 177 2462 et
196 2403 419 2477 adspirent.
441 2427 474 2448 -·
528 2405 615 2459 imum
627 2404 834 2474 magistratum,
853 2413 1044 2478 quaesturam.
1065 2431 1099 2447 -·
1114 2412 1256 2476 prosim

35 2477 92 2534 edd
111 2477 194 2534 Pieli.
214 2496 249 2548 sq
270 2515 277 2529 .
297 2495 334 2532 ex
351 2477 463 2536 emend.
517 2478 570 2546 ips.
590 2475 612 2528 1.
631 2476 654 2528 l.
677 2478 863 2544 praefectura
886 2477 970 2539 MSS.
997 2485 1028 2536 st
1051 2475 1114 2536 edd.
1133 2485 1194 2537 ret.
1221 2505 1255 2539 ς-

35 2549 152 2620 detegita
172 2551 205 2606 in
222 2495 282 2604 big.
302 2547 404 2606 (iucif.
422 2556 452 2605 et
471 2547 515 2606 ed.
535 2545 614 2620 Spir.
641 2547 749 2602 deiecit.
959 2549 966 2564 “

476 2699 670 2757 carot*
711 2699 814 2758 XXX.

106 2795 296 2861 Damnatus
315 2793 435 2859 iisdem
456 2793 649 2856 consulibus
660 2791 842 2876 Vipsanius
853 2791 983 2858 Laenas
1005 2792 1048 2857 ob
1065 2791 1256 2860 Sardiniam

35 2882 242 2960 provinciam
274 2897 375 2942 arare
406 2876 571 2940 habitams
605 2875 779 2941 absolutus
809 2872 939 2940 Cestius
966 2876 1130 2941 Proculus
1146 2895 1255 2960 ⁴repe-

35 2962 224 3043 modorum,
252 2959 448 3024 cedentibus
474 2959 733 3024 accusatoribus.
778 2955 915 3023 Clodius
937 2959 1135 3040 Quirinalis,
1165 2959 1257 3044 qnod

34 3049 219 3128 praefectus
247 3047 424 3132 remigum,
452 3045 509 3126 qni
536 3042 713 3106 &vennae
740 3041 958 3122 haberentur,
985 3046 1082 3108 velut
1108 3044 1256 3108 intimam

34 3133 204 3192 nationum
216 3127 350 3190 ltaliam
370 3127 507 3192 luxuria
527 3126 669 3190 saevitia
691 3143 734 3188 ue
754 3125 992 3206 affiictsvisset,
1012 3147 1141 3191 veneno
1164 3125 1256 3190 dam-

33 3217 200 3276 nationem
234 3213 364 3274 anteiit.
415 3207 452 3272 C.
482 3208 636 3272 Aminios
665 3147 800 3287 debias,
833 3229 873 3272 ex
900 3210 1108 3291 primoribus
1133 3213 1257 3293 peritia

33 3295 144 3382 legum
166 3303 202 3360 et
222 3297 384 3377 pecuniae
404 3314 437 3356 m
505 3291 648 3366 itndine‚
669 3293 838 3354 cruciatus
922 3313 981 3358 rae
991 3301 1144 3360 senectae
1154 3296 1256 3362 misso

33 3399 90 3460 per
109 3397 216 3442 renas
237 3379 401 3464 sangnine
489 3378 550 3524 git,
571 3374 661 3438 bend
682 3374 830 3440 creditus
852 3397 892 3440 su
929 3396 1006 3440 cere
1032 3376 1076 3440 ad
1104 3391 1258 3442 constan-

31 3465 110 3524 tiam
131 3459 315 3525 sumendae
336 3463 497 3524 mortiso
540 3459 697 3524 libidines
723 3459 935 3524 muliebriter
960 3461 1104 3526 infamis.
1146 3461 1192 3526 At
1214 3463 1255 3526 L.

33 3544 192 3608 Volusius
225 3544 360 3691 egregia
388 3548 474 3608 tama
503 3545 680 3622 concessit,
719 3543 776 3604 cni
807 3549 877 3608 tres
904 3552 940 3608 et
966 3545 1151 3632 nonaginta
1178 3531 1261 3609 enni

32 3633 177 3712 spatium
196 3631 299 3692 niven
325 3630 334 3644 ⁰
356 3629 619 3712 praecipuaeque
640 3645 720 3709 opes
740 3625 838 3692 bonis
859 3627 1002 3708 artibus,
1023 3629 1185 3693 inoffensa
1206 3637 1259 3692 tot

32 3709 281 3797 Imperatorum
301 3713 427 3774 malitia
449 3713 524 3774 init.

99 3819 128 3870 1.
148 3827 236 3867 auare
254 3809 388 3880 debitara,
404 3814 445 3866 ef.
465 3811 530 3870 ind
551 3810 591 3868 11.
616 3828 646 3868 r.
673 3809 780 3866 Habeo.
815 3808 934 3866 latites
958 3827 1045 3866 acore
1069 3807 1131 3868 MS.
1155 3811 1256 3869 ouer.

35 3915 64 3929 -
82 3885 237 3940 nomm
252 3886 471 3955 repetendarum
488 3883 621 3939 crimine.
641 3882 685 3938 Gi.
705 3883 741 3938 ad
751 3888 778 3948 1,
788 3885 831 3941 ⁷4.
852 3911 885 3922 -
904 3883 1019 3938 Cestius
1036 3881 1174 3938 Proculus
1194 3885 1257 3941 edd.

35 3953 126 4012 ntea.
143 3960 171 4013 2
189 3959 210 4013 3
228 3973 291 4028 sqq.
329 3957 430 4011 Certus
445 3954 580 4026 proculus
597 3953 655 4012 ldS.
674 3955 754 4022 Elor.
780 3957 868 4020 (teste
886 3953 990 4022 Furia)
1018 3951 1080 4012 edd.
1100 3955 1164 4014 Put.
1185 3961 1209 4013 1.
1231 3958 1257 4013 ².

36 4025 95 4084 lter.
114 4027 209 4084 liban.
228 4033 257 4082 l.
296 4027 398 4082 Graius
413 4029 548 4098 proculus
565 4024 624 4082 MS.
644 4026 742 4082 Guelt.
764 4034 794 4081 et
812 4027 856 4084 ed.
877 4024 955 4097 Spir.
980 4056 1014 4067 —
1033 4028 1194 4084 cedentibus
1211 4042 1260 4081 oc·
1376 4081 1385 4100 x

36 4100 224 4164 asam,
243 4101 426 4154 accusatione
443 4097 659 4155 desistentibus.
685 4098 846 4153 cedentibus
864 4097 927 4154 edd.
947 4097 1011 4153 Ber.
1032 4097 1125 4154 llhsn.
1140 4102 1165 4156 1.
1185 4101 1211 4156 ²·
1230 4101 1258 4157 ³.

36 4187 97 4241 sqq.
115 4169 299 4226 urientibus
317 4170 380 4226 edd.
399 4173 466 4225 Put.
485 4177 510 4228 l.
530 4172 557 4227 2
576 4171 753 4225 credeats’bns
771 4169 828 4225 ms.
849 4167 949 4227 Gnali.
968 4176 999 4224 et
1016 4169 1060 4227 ed.
1078 4169 1158 4241 Spir.
1178 4183 1261 4224 necs-

37 4243 146 4297 mitae
162 4241 224 4296 MS.
244 4241 327 4298 Xlor.
346 4241 433 4310 (teste
445 4241 541 4310 Vici.)
559 4240 602 4297 ed.
623 4241 701 4315 Spir.
720 4243 765 4302 (li.
785 4243 829 4296 ad·
836 4244 865 4308 2,
882 4243 928 4306 dd,
946 4242 973 4299 2.
993 4273 1025 4285 -
1039 4243 1190 4310 remigum,
1210 4241 1261 4311 pri

39 4311 185 4370 Ιιιιιιιιη
202 4311 384 4384 laberentur,
401 4331 430 4373 ι.
450 4313 486 4372 ad
502 4316 530 4381 i,
547 4317 595 4382 58,
614 4317 639 4371 1.
658 4317 688 4380 i,
706 4317 733 4382 ⁵,
752 4319 778 4372 1.
799 4339 832 4354 ·-
850 4313 976 4380 infimam
994 4313 1150 4380 notionem,
1177 4331 1206 4370 v.
1225 4313 1261 4369 ad
