2854 4788
162 226 225 296 dlS
533 223 884 292 ANNuumat‘ulu.
906 223 998 293 XVI.

97 365 104 374 ι
164 399 334 458 senatores
357 401 392 456 et
412 389 613 476 Calpurnius
633 389 773 458 Fabatus
794 393 900 476 Eques
928 391 1108 472 Romanus,
1136 396 1193 477 qui
1216 395 1370 477 appellato

164 477 322 558 Principe
349 479 527 540 instantem
555 475 801 542 damnationem
819 479 976 540 frustrati
1002 497 1080 538 mox
1102 477 1271 541 Neronem
1290 481 1370 540 circa

58 601 61 609 ι
164 580 291 624 summa
313 560 439 624 scelera
459 558 641 624 distentum
662 561 755 644 quasi
776 562 922 622 minores
945 579 1093 623 evasere.

236 681 263 736 1.
295 677 427 734 Silanum
451 677 592 748 increpuit
617 679 721 733 iisdem
744 676 841 732 verbis
860 677 963 748 quidus
982 684 1116 747 patruum
1137 677 1198 731 eius
1217 677 1370 748 Torquatum

166 747 299 804 Silanum
317 782 348 794 -
370 751 496 818 libertos,
525 753 564 805 ci.
594 753 637 818 15,
661 753 705 808 35.
725 783 758 794 -
796 749 942 818 epistolis:
970 751 1001 802 in
1028 747 1086 802 MS.
1111 749 1191 802 Flor.
1217 757 1289 804 teste
1304 751 1368 802 Vict.

166 821 308 888 epistulis,
328 830 362 876 ut
381 829 406 889 l,
425 825 470 880 30.
489 823 533 880 33.
553 824 585 874 in
603 821 661 878 MS.
687 821 768 875 Flor.
796 829 826 874 et
849 821 893 874 ed.
912 819 977 877 Ber.
1004 821 1152 890 epistulas,
1175 823 1203 886 2,
1228 823 1271 874 to.
1290 823 1328 876 28.
1342 823 1370 872 in

96 931 100 936 -
166 889 229 948 edd.
249 893 314 946 Ber.
333 891 470 950 Rhen‘i.
489 897 514 950 3.
536 893 602 947 Ald.
622 893 761 962 epistulas
780 900 810 946 et
829 892 969 960 epistulis.
989 925 1020 934 -
1044 891 1143 944 inania
1161 893 1246 946 simut
1262 899 1287 946 et
1305 893 1369 958 talea

166 963 241 1016 MSS.
261 962 341 1016 Flor.
361 965 451 1032 (teste
469 963 562 1030 Pioln)
578 965 679 1020 Gueli.
700 963 762 1018 edd.
783 961 861 1034 Spir.
881 963 943 1020 rut.
959 967 984 1018 l.
997 965 1023 1018 2.
1044 963 1110 1020 Ber.
1132 963 1179 1028 (ad
1197 981 1282 1032 quam
1300 963 1370 1016 siluit

166 1035 257 1102 Vict.)
275 1033 365 1091 liban.
387 1041 412 1092 l.
433 1033 511 1092 Picln.
532 1053 596 1108 sqq.
632 1042 662 1090 et
680 1033 777 1088 inania
795 1034 882 1087 simul
899 1040 927 1088 et
944 1033 1019 1102 falsa
1038 1033 1097 1088 MS.
1116 1033 1189 1090 Bud.
1210 1035 1272 1088 edd
1290 1033 1369 1088 Rhea.

165 1107 193 1162 2.
212 1109 238 1162 3.
258 1105 322 1158 llld.
350 1107 429 1178 Lips.
455 1106 542 1160 Grut.
564 1135 595 1146 ·-
632 1107 770 1160 intentior
793 1111 878 1172 metu,
911 1097 1032 1160 cautior.
1061 1105 1153 1172 (11.6,
1173 1109 1218 1162 50.
1243 1109 1286 1170 tt,
1301 1109 1325 1162 3.
1345 1133 1370 1142 -

166 1177 256 1232 exitio
272 1178 427 1305 pntguilpd
442 1179 664 1246 praecavendum
682 1176 837 1232 exterritus
855 1184 927 1244 erat,
945 1196 974 1230 v.
994 1177 1030 1230 ad
1045 1178 1074 1243 2,
1092 1179 1139 1244 aa,
1155 1179 1184 1233 2.
1221 1184 1282 1230 erat
1298 1178 1371 1230 omis·

166 1265 231 1306 sum
248 1249 280 1300 iu
298 1251 324 1300 M
349 1292 355 1305 .
405 1267 420 1304 e
443 1287 451 1301 .

234 1321 262 1376 2.
289 1319 404 1374 Inducit
421 1269 544 1389 {ostiae
566 1321 696 1376 uocabulo
719 1321 855 1387 indicum,
879 1320 984 1374 incitet
1008 1317 1122 1391 aliquos
1145 1318 1184 1371 sd
1201 1316 1369 1372 delationem.

166 1389 249 1445 luter
266 1390 375 1445 indices
393 1393 452 1445 tuit
469 1392 656 1460 Heliodorus,
674 1391 710 1446 de
729 1407 786 1464 quo
804 1409 832 1450 v.
852 1391 888 1446 ad
905 1394 949 1457 15,
968 1393 1012 1456 52,
1031 1393 1057 1446 2.
1078 1419 1112 1432 -·
1139 1388 1273 1458 &pidum
1291 1387 1371 1442 Caeni

164 1477 290 1527 uxorern,
309 1463 404 1517 Silani
422 1463 553 1516 ansitarns
573 1471 642 1538 προ
656 1459 732 1518 'duas
748 1463 825 1518 filias
844 1464 877 1518 G.
898 1463 941 1533 up
963 1463 992 1514 io
1011 1460 1110 1516 Silano
1128 1463 1249 1532 peperit
1265 1459 1371 1514 Aemilia

167 1533 264 1598 Paula,
283 1534 396 1586 Iuniam
416 1533 570 1588 Caluinam
589 1535 635 1599 (v.
656 1535 698 1599 12,
716 1535 763 1602 4.)
790 1543 819 1588 et
841 1533 918 1588 hene
942 1480 1049 1586 lulium
1067 1530 1225 1602 Lepidam
1252 1532 1328 1600 Ryci.
1345 1557 1370 1567 -

164 1601 302 1656 incertum
319 1619 380 1656 cam
398 1602 502 1670 fratris
518 1603 588 1670 tilio,
608 1603 640 1660 1..
661 1604 771 1668 Silano,
789 1607 872 1658 cuius
901 1603 991 1656 amita
1014 1609 1076 1656 erat
1099 1603 1227 1671 Lepida;
1253 1603 1328 1655 Brot.
1345 1631 1371 1642 -

165 1673 245 1728 diros
263 1689 411 1728 sacrorum
434 1674 518 1740 ritus,
547 1677 586 1727 oi.
614 1676 649 1728 ad
670 1677 762 1741 2,21,
781 1680 805 1731 1.
836 1683 865 1730 et
888 1677 916 1739 2,
934 1677 980 1738 39,
999 1675 1025 1730 2.
1046 1705 1078 1715 -
1118 1671 1319 1739 Trahebantur,
1335 1689 1372 1723 ra·

165 1745 320 1814 piebsntur
338 1747 369 1800 in
388 1746 442 1810 ius,
461 1743 511 1798 vel
528 1745 564 1798 sd
582 1745 766 1816 supplicium.
789 1773 821 1784 -
863 1743 1008 1800 Vulcatius
1028 1741 1173 1796 ratttnm
1193 1743 1296 1810 „credo
1316 1743 1371 1796 l'ul·

113 1877 116 1884 .
166 1817 256 1869 catius
277 1817 457 1882 Tertullinus,
476 1814 511 1869 de
529 1833 587 1886 quo
605 1837 632 1872 v.
654 1817 690 1872 ll.
709 1821 736 1883 t,
754 1817 803 1874 9.‘⁴
822 1815 901 1886 Lips.
943 1814 1093 1870 Volcacius
1116 1811 1177 1871 MS.
1206 1814 1286 1868 Fler.
1312 1820 1372 1865 teste

167 1887 242 1943 Vict.
267 1888 411 1942 Volcatius
434 1887 491 1943 MS.
516 1886 588 1942 Bud.
629 1888 792 1944 Volocatias
813 1887 936 1942 liptinas
959 1885 1016 1939 MS.
1042 1883 1140 1940 Guelt'.
1162 1917 1197 1928 -
1233 1884 1372 1938 Marcellus

167 1958 327 2025 Cornelius,
346 1963 384 2014 ei.
403 1959 438 2016 ll.
457 1964 485 2026 i,
505 1961 550 2015 37.
570 1991 603 2001 -
641 1960 810 2028 Calpurnius
828 1959 963 2021 Fabatus,
981 1971 1119 2028 prosocer
1137 1955 1231 2009 Plinii
1248 1955 1372 2018 iuniorts3

166 2027 245 2097 Lips.
264 2047 291 2086 v.
317 2031 392 2084 Pliu.
421 2045 465 2100 ep.
491 2033 565 2092 s,1.
585 2032 612 2096 ὅ,
632 2033 675 2088 12.
701 2035 727 2092 l,
752 2034 797 2088 32.
821 2033 849 2096 8,
870 2034 911 2086 13.
931 2034 977 2094 10,
1004 2032 1063 2084 tat.
1090 2026 1213 2080 Gruter.
1233 2047 1262 2098 p.
1279 2028 1334 2090 382,
1350 2025 1371 2078 i.

167 2099 339 2168 Calpurnius
357 2101 420 2158 edd.
439 2102 519 2171 Lips.
539 2120 601 2172 sqq.
639 2099 831 2170 Galplsurnius
856 2098 912 2157 MS.
933 2099 1033 2154 Gueli.
1060 2107 1090 2154 et
1109 2098 1171 2153 edd.
1191 2106 1251 2153 vet.
1273 2125 1301 2135 —
1332 2111 1371 2162 ap·

164 2173 267 2240 pellato
286 2171 429 2241 Principe,
448 2191 476 2225 v.
499 2171 534 2224 sd
556 2175 595 2234 tt,
613 2175 659 2238 28,
679 2178 704 2228 t.
725 2204 758 2216 -
795 2173 873 2228 circa
898 2187 1006 2226 surnrna
1030 2171 1135 2224 scelera
1161 2170 1317 2232 distentum,
1340 2166 1371 2217 cl.

167 2240 202 2296 ad
220 2247 265 2308 11,
283 2247 328 2310 12,
349 2249 372 2298 1.
410 2243 517 2297 scelera
539 2259 656 2310 samma,
686 2245 820 2310 maxima,
855 2242 904 2300 vel
922 2257 1111 2307 summorum,
1139 2241 1371 2314 nobilissimorum

167 2312 312 2379 virorum,
331 2313 435 2385 quibus
453 2313 577 2366 nnnores
595 2316 704 2385 opponi
721 2315 871 2372 videntur.
891 2347 924 2360 -
962 2312 1045 2384 quasi
1068 2312 1196 2368 minares
1213 2327 1329 2375 erasm,
1350 2323 1371 2358 v·

168 2382 203 2437 ad
220 2388 265 2453 15,
283 2387 329 2450 ²⁰9
348 2390 373 2441 l·
395 2393 424 2440 et
445 2385 479 2438 H·
498 2388 526 2452 Ἰ,
545 2389 587 2444 16·
608 2393 681 2441 uir·

635 2529 828 2587 catur
863 2531 920 2588 IX.

250 2637 340 2700 Tum
362 2645 495 2700 senatus
516 2639 669 2702 consulto
685 2638 800 2702 Cassio
822 2649 855 2702 et
870 2639 985 2702 Silano
1007 2641 1121 2704 exsilia
1143 2637 1372 2702 decernuntur:

168 2718 210 2782 de
230 2719 360 2864 Lepida
381 2721 502 2784 Caesar
523 2730 695 2786 statueret.
742 2722 1008 2805 Deportatusque
1035 2726 1071 2784 in
1099 2723 1243 2784 insulam
1274 2713 1371 2780 snti-

169 2805 256 2865 niam
297 2805 410 2868 'assius
432 2813 466 2866 et
486 2813 636 2868 senectus
658 2807 730 2868 eius
753 2807 1013 2889 exspectabatur.
1056 2803 1202 2882 Silanus,
1234 2811 1373 2881 tanqum

169 2887 301 2948 Naxum
323 2886 558 2967 deveheretur,
594 2888 722 2950 Ostiam
749 2897 897 2962 amotus3
932 2896 1009 2971 post
1030 2889 1216 2968 municipio
1238 2883 1372 2966 Apuliae,

170 2971 225 3032 oui
253 2989 373 3033 nomeu
403 2971 538 3032 Barium
567 2978 628 3048 est,
662 2970 840 3036 clauditur.
884 2970 960 3032 Illic
986 2969 1259 3057 indignissimum
1279 2981 1373 3026 casum

169 3054 338 3133 sapienter
365 3053 511 3117 tolerans
539 3071 559 3114 a
586 3057 783 3116 centurione
821 3053 863 3116 ad
898 3052 1032 3118 caedem
1065 3055 1167 3116 misso
1204 3049 1373 3130 corripitur

169 3133 389 3217 suadentique
409 3155 511 3199 venas
532 3137 743 3218 abrumpere,
765 3139 898 3199 animum
919 3137 1041 3219 quidem
1067 3139 1165 3200 morti
1186 3135 1373 3202 destinarer,

168 3220 226 3316 ait,
249 3219 306 3280 sed
326 3239 389 3282 non
407 3223 591 3298 permittere
614 3223 800 3301 percussori
820 3219 959 3302 gloriam
985 3223 1165 3284 ministerii.
1209 3217 1254 3280 At
1274 3221 1373 3276 centu·
1406 3263 1407 3282 .

170 3319 234 3376 rao,
256 3305 405 3383 quamvis
426 3303 600 3380 inermem,
622 3302 850 3386 praevalidum
872 3311 982 3366 tamen
1008 3311 1042 3365 et
1062 3305 1135 3366 irae
1156 3321 1253 3385 quam
1274 3293 1373 3359 timori

169 3387 363 3468 propiorem
385 3405 536 3464 cernens,
569 3389 678 3469 premi
707 3406 727 3448 a
748 3385 912 3448 militibus
931 3387 1032 3448 iubet.
1076 3385 1149 3448 Nea
1171 3383 1285 3447 omisit
1304 3377 1372 3441 Sila-

169 3487 231 3527 nus
252 3467 360 3528 obniti
381 3475 415 3529 et
436 3469 611 3532 intendere
638 3471 737 3546 ictus,
771 3479 930 3554 quantum
951 3469 1102 3531 manibus
1124 3467 1224 3529 nudis
1245 3463 1372 3532 valebat,

146 3547 275 3692 dopcc
292 3570 333 3693 ta
365 3553 563 3614 centurione
598 3552 793 3615 vulneribus
832 3550 983 3616 adversis
1017 3561 1172 3635 tunquam
1206 3553 1243 3612 iu
1276 3560 1370 3630 pugsst

170 3651 314 3699 caere.

240 3754 265 3806 l.
294 3749 363 3803 Yam
386 3749 443 3807 MS.
464 3751 543 3806 Flor-
563 3753 649 3820 (teste
668 3752 723 3808 lsc.
745 3751 848 3820 Gr'on.)
875 3752 937 3810 edd.
962 3753 1038 3823 Spir.
1057 3749 1174 3808 walth.
1214 3747 1289 3802 ilinc
1306 3738 1368 3800 MSS.
1405 3717 1406 3724 .

170 3828 199 3876 et
215 3820 280 3876 edd.
300 3831 355 3876 eet
392 3830 508 3877 senatus
526 3826 652 3879 consulto
671 3823 727 3880 MS.
746 3825 827 3878 Flor.
847 3824 888 3888 (S.
903 3825 934 3880 G.
955 3833 1031 3879 teste
1049 3823 1189 3888 victorio,
1207 3829 1241 3873 nt
1277 3819 1370 3870 lerum·

170 3893 241 3962 que)
260 3893 322 3948 edd.
342 3893 405 3951 Ber.
425 3893 517 3950 Rheu.
539 3900 562 3952 l.
581 3899 608 3951 2.
627 3899 654 3954 3,
677 3897 757 3966 Lips.
784 3895 872 3948 Grut.
892 3895 973 3949 Piah.
992 3895 1080 3952 Bern.
1106 3893 1198 3947 Gran.
1262 3885 1328 3942 alth.
1344 3889 1371 3933 ul

169 3967 196 4020 3.
215 3968 258 4020 51.
278 3966 305 4027 t,
328 3967 367 4021 15.
388 3970 430 4021 1⁷.
456 3973 486 4020 et
511 3966 649 4036 plurimis
674 3966 755 4022 locis.
794 3967 917 4022 consutio
943 3974 1060 4020 renatae
1083 3964 1162 4022 MSS.
1188 3962 1287 4016 Guelt.
1364 3994 1369 4005 -

170 4035 232 4092 edd.
253 4033 272 4090 S
295 4037 329 4089 ir.
348 4037 410 4090 rut.
432 4041 457 4090 1.
476 4037 503 4090 2.
530 4037 624 4107 Ryols.
653 4038 727 4092 Em.
749 4055 812 4108 sqq.
834 4041 994 4105 ut11,35.
1031 4037 1159 4091 consulto
1185 4041 1279 4087 senatu
1304 4023 1369 4106 MS·

149 4107 249 4186 ,Flon
269 4055 307 4174 lsi
325 4125 429 4162 verum
445 4109 522 4162 vidit
539 4109 595 4166 lac.
615 4110 718 4176 Grau.)
736 4109 807 4162 Bud.
828 4109 871 4162 ed.
891 4109 981 4165 Belsls.
1020 4107 1075 4163 Sed
1101 4107 1173 4161 haec
1196 4121 1286 4175 neque
1311 4099 1370 4180 laute

170 4177 234 4231 loca
252 4179 439 4244 conveniunt,
458 4180 550 4245 (cuius
575 4183 717 4234 sententia
736 4189 797 4234 est:
829 4181 903 4235 suto
922 4181 1083 4245 decretum,
1103 4187 1137 4232 ut
1155 4177 1267 4232 Cassius
1291 4179 1317 4226 et
1333 4169 1369 4222 Sr-

134 4283 140 4293 .
171 4247 254 4302 lanus
272 4249 304 4302 in
322 4250 459 4304 exsilium
478 4259 644 4328 agerentur,
662 4259 753 4322 utque
772 4252 876 4305 Caesar
893 4253 958 4322 ipse
977 4252 1012 4305 de
1031 4249 1141 4321 Lepida
1159 4243 1306 4310 statueret)
1328 4255 1369 4292 ue·

171 4333 227 4385 ‘1⁰⁰
245 4335 305 4390 esp
326 4322 351 4374 7.
370 4338 437 4376 uam
455 4321 534 4377 Nero
553 4323 710 4394 scripserat
728 4323 841 4378 senatui
859 4323 932 4394 quid
950 4323 1052 4386 vellet,
1070 4337 1131 4376 nou
1150 4337 1213 4375 eum
1232 4314 1369 4372 consulue-
