2854 4798
181 199 275 268 no
498 221 500 228 ·
558 177 806 266 nuuinmu
839 197 923 266 nm.
944 197 1024 267 xu.

177 371 393 438 madorem
409 362 467 425 MS.
486 363 557 422 Bud.
583 373 613 422 et
634 367 699 423 edd.
723 373 783 424 vet.
803 365 850 422 Oi.
869 362 954 435 adi,
972 366 1018 433 tt,
1033 369 1060 424 2
1079 393 1114 410 -·
1135 361 1244 433 effusis,
1260 364 1300 426 ni.
1318 363 1356 422 ed
1372 369 1399 434 l,

178 441 226 506 2³,
244 444 271 495 1.
307 445 335 494 et
353 439 478 506 fatisia
495 439 581 510 cpia
606 438 648 498 ed.
677 439 770 510 Spin·
791 439 881 494 Paulo
924 445 971 493 ost
996 443 1092 510 coeptu
1117 436 1206 493 diem
1227 439 1349 492 icterum
1367 465 1399 478 ·-

179 511 310 566 rebotws
327 511 377 585 tus·
395 510 452 566 MS.
473 510 573 566 Gusli.
592 519 623 566 et
641 515 681 568 od
697 511 830 579 fiduciam
848 511 892 568 ed.
931 511 989 582 pir.
1008 540 1042 552 -
1078 509 1153 564 citos
1169 507 1293 564 cotue·
1310 509 1399 578 rupit,

179 581 308 649 ΜΗ,
328 585 416 649 19.1.
437 591 467 638 ⁸2
493 583 563 641 lud:
577 583 632 642 ΠΙ.
655 604 695 641 v.
712 582 904 639 Pleouuamua.
924 609 958 622 -
993 581 1155 637 restiterunt
1179 581 1256 640 MSS.
1282 590 1313 636 et
1337 582 1398 638 cdd.

180 653 244 710 rue
264 657 290 710 l.
308 656 336 710 2.
357 661 387 708 et
410 663 465 709 cet.
492 664 561 710 ante
584 654 658 709 Bru.
682 663 716 710 ut
740 664 770 710 et
795 655 901 711 lliessl.
926 661 955 708 et
977 651 1093 710 Waltls.
1129 655 1315 709 restituerunt
1343 653 1399 706 MS.

108 741 121 768 ν
181 725 280 790 Guelf.
300 726 471 780 restiterunt
489 725 552 782 edd.
572 723 650 799 Spir.
667 729 740 782 Ern·
758 727 840 783 Brot.
859 725 924 798 Bip.
944 725 992 780 Ob.
1011 725 1103 781 Bekk.
1121 728 1196 780 liin.
1221 724 1300 792 „Sed
1318 725 1400 780 reati-

180 796 407 852 emeritorum
435 805 469 850 ut
487 803 514 866 l,
533 801 577 856 6³.
614 799 745 868 scripsit,
770 804 798 866 t,
816 801 861 858 62.
898 797 1059 866 tromtulit,
1085 802 1176 867 6,31.
1211 797 1348 867 imposuit
1372 804 1400 852 et

178 867 247 924 eliu
284 867 405 922 Etenim
423 869 590 926 restiterunt
607 867 741 942 ἀορίστως
757 871 877 941 dicitur,
895 877 929 924 ut
946 869 1091 924 sententie
1105 871 1154 936 sit,
1173 868 1245 922 alios
1257 870 1399 924 restitisse

180 954 289 1010 eosque
308 956 404 996 caesos
423 957 495 1005 esse,
514 941 590 996 alios
607 941 745 998 disiectos
763 960 870 1015 eosque
888 942 975 997 iilum
994 950 1192 998 consectatum
1209 959 1281 996 esse.
1309 940 1400 994 Resu-

182 1016 279 1066 teram
298 1020 344 1067 est
361 1020 476 1084 tempus
495 1011 654 1068 relativum
674 1022 704 1069 et
727 1017 826 1070 locum
851 1017 892 1070 ita
915 1015 1080 1080 constituit,
1111 1021 1146 1066 ut
1171 1013 1349 1083 respiciatur
1368 1012 1400 1065 ed

180 1083 307 1154 aliquos,
325 1099 398 1155 quos
415 1085 562 1140 restitisse
580 1086 699 1140 aliunde
717 1089 773 1141 tibi
791 1095 915 1154 constet,
943 1087 995 1156 qui
1022 1094 1118 1140 tamen
1142 1083 1193 1138 hic
1212 1091 1280 1138 sunt
1298 1081 1400 1136 nulli.“

162 1152 295 1209 *Wauu
332 1155 378 1211 ct.
398 1153 462 1212 lnd.
481 1155 539 1210 111.
558 1173 587 1210 r·
611 1157 767 1217 Verborum
787 1159 923 1228 Tempora
947 1175 977 1244 p.
995 1160 1049 1230 th
1067 1175 1110 1229 sq.
1129 1181 1161 1196 -
1198 1156 1347 1221 dimotos,
1372 1174 1399 1209 v.

181 1223 224 1279 ⁸11¹
238 1231 265 1291 l,
284 1228 335 1283 ³2.
355 1257 389 1270 -
426 1227 587 1298 cinctosque
604 1227 713 1284 caetris
730 1230 766 1284 ad
783 1247 831 1286 eos
849 1229 998 1302 dispositis
1013 1227 1065 1283 rel
1081 1226 1220 1294 castellis,
1238 1227 1401 1281 munimen·

181 1297 232 1363 tis,
251 1298 354 1363 duvios
371 1295 499 1353 cobibere
512 1307 611 1368 parat,
629 1317 772 1368 coercere,
791 1299 937 1369 claudere,
964 1319 1001 1357 ne
1019 1301 1157 1355 traiicere
1181 1315 1228 1354 eos
1239 1298 1400 1374 ¹ulteriores

180 1363 319 1424 Britanni
336 1371 461 1442 possint,
480 1378 510 1425 et
527 1373 647 1428 turbare
664 1373 860 1445 provinciales
872 1375 1025 1443 sociosque
1034 1372 1242 1427 Romanorum.
1269 1368 1400 1424 cohibere

180 1441 293 1507 naues,
311 1449 346 1495 ut
358 1439 409 1495 Gr.
421 1436 548 1508 κωλύειν,
566 1445 669 1515 εἴργειν
686 1439 748 1498 τινά
764 1463 799 1511 τι,
818 1461 921 1500 carere
938 1463 976 1500 ne
985 1450 1135 1498 transeant
1152 1443 1274 1507 duvios,
1297 1439 1399 1495 Waot

180 1509 238 1567 Sed
250 1514 362 1568 incerte
377 1521 423 1568 est
433 1515 531 1568 lectio.
550 1523 703 1588 mutuaque
711 1515 768 1574 MS.
777 1517 859 1572 Flor.
872 1517 949 1588 quod
962 1514 1103 1574 reduxere
1114 1513 1206 1570 Bekk.
1220 1511 1398 1577 etWeltber,

179 1592 215 1639 ut
232 1583 330 1640 cuncti
347 1586 387 1640 sit
403 1585 438 1640 eb
456 1587 537 1640 omni
551 1597 645 1660 parte,
663 1589 734 1642 undi
776 1607 801 1654 s,
818 1587 870 1642 Gr.
880 1588 980 1656 πάντη,
993 1587 1063 1647 Dor.
1078 1586 1180 1652 πανιᾶ,
1190 1593 1223 1638 ut
1233 1591 1412 1640 macutus*

179 1659 270 1714 simut
285 1664 432 1730 erumpant
449 1659 485 1716 il.
495 1662 522 1726 3,
534 1663 576 1718 18.
596 1661 636 1716 At
652 1659 721 1715 ride
739 1663 750 1714 i
770 1661 780 1713 i
797 1667 894 1718 annot.
913 1667 1081 1730 cursumque
1097 1657 1401 1729 suspiraremusque

179 1731 254 1790 libri
273 1741 331 1788 vet.
349 1731 445 1805 Lipsii
469 1733 569 1788 nescio
594 1733 656 1804 qui.
692 1733 854 1804 cinctaeque
878 1733 996 1805 qmdam
1014 1730 1092 1786 MSS·
1118 1739 1148 1786 et
1174 1728 1236 1786 edd.
1256 1731 1321 1786 Pul.
1340 1727 1398 1782 Ber.

179 1803 273 1860 Rham
293 1811 318 1862 1.
337 1808 367 1863 2·
386 1807 416 1862 ³.
434 1811 464 1858 et
483 1813 538 1863 cet.
567 1814 635 1860 ante
652 1804 726 1860 Ern-
749 1805 911 1875 cinctaeque
935 1803 1013 1863 MSS.
1032 1804 1115 1859 Harl.
1134 1803 1192 1858 les.
1220 1801 1254 1867 (a
1270 1819 1311 1854 m.
1330 1801 1400 1864 sec.)

180 1876 282 1932 Guelt'.
307 1877 468 1948 iunctisque
484 1876 544 1931 Ms.
562 1876 635 1954 Agr.
663 1885 831 1948 cunctosque
854 1876 960 1930 casteis
985 1878 1024 1932 ad
1041 1877 1078 1931 A.
1102 1880 1130 1930 et
1146 1874 1176 1932 S.
1196 1875 1224 1939 ti.
1242 1889 1269 1927 c.
1286 1889 1316 1942 p.
1341 1872 1399 1925 edd.

179 1947 244 2022 Bip.
263 1950 359 2006 Oberl.
377 1949 451 2002 liin.
470 1949 577 2004 Kiesel.
598 1947 759 2020 cinctosque
777 1948 882 2004 caetris
898 1949 1013 2005 Aniena
1031 1954 1057 2004 et
1074 1947 1200 2004 Sutrino
1217 1945 1313 2010 fluviis
1330 1941 1400 1998 cobi-

166 2021 316 2088 ,tereus
335 2021 372 2076 iis
390 2021 503 2086 arcere)
526 2025 613 2091 purat
632 2035 710 2074 corr.
729 2023 857 2092 Lipsius,
880 2021 1040 2092 cinctosque
1066 2019 1174 2074 castris
1200 2019 1240 2072 ud
1260 2019 1400 2084 Ausonum

177 2092 358 2158 Boettisber,
383 2098 549 2163 surdosque
573 2091 679 2146 castris
695 2091 811 2160 Arctous
834 2097 862 2147 et
885 2093 1010 2148 Sabrina
1032 2093 1128 2158 fluviis
1144 2107 1168 2145 c.
1189 2107 1221 2159 p.
1239 2088 1315 2142 Ern.
1351 2088 1399 2142 Pro

180 2165 286 2221 cattis
304 2161 431 2218 Pichena
448 2155 525 2221 cbni.
543 2165 623 2218 ultro
642 2170 671 2218 et
680 2163 850 2219 Boetticber
867 2165 952 2219 citra.
990 2167 1046 2219 Pro
1058 2165 1206 2222 Aaronom
1223 2162 1255 2215 in
1274 2160 1399 2215 omnibus

179 2236 260 2294 MSS.
285 2243 316 2290 et
332 2233 396 2318 edd.
415 2241 475 2322 vet.
501 2243 546 2290 est
563 2235 716 2320 Artenam,
744 2243 774 2290 et
797 2237 829 2290 in
847 2236 906 2290 MS.
925 2237 1023 2292 Gueli.
1047 2252 1069 2290 a
1093 2254 1133 2292 tn.
1163 2251 1219 2289 seo.
1238 2233 1400 2295 Antonium

171 2304 1400 2452 ,setuumutu·eminentissime,tetum

179 2451 218 2508 lie
237 2460 295 2518 ton,
313 2448 343 2504 h.
364 2466 388 2504 e.
407 2450 566 2504 civitatem.
603 2449 660 2505 Sed
677 2452 793 2506 veriora
812 2451 912 2506 docuit
924 2452 1103 2507 cambdenus
1119 2450 1232 2505 inBrit.
1244 2467 1274 2520 p.
1288 2447 1413 2506 atomis

180 2541 229 2596 pr.
248 2540 277 2595 p.
296 2525 350 2578 4⁰2
368 2537 410 2591 sq.
429 2525 528 2578 sttui
547 2522 653 2594 sq.'ed.
673 2539 730 2578 sec.
749 2521 796 2576 bis
814 2523 930 2580 verbis:
955 2527 1091 2590 „Autoua
1108 2523 1215 2578 durius
1232 2521 1301 2578 Neu
1320 2517 1413 2574 hodie

179 2601 306 2650 vocabar
333 2601 363 2648 et
389 2609 435 2647 sae
457 2609 473 2647 e
497 2594 718 2649 recurrentibus
742 2595 817 2665 ripis
843 2611 898 2666 per
926 2595 1101 2650 orientalem
1123 2592 1211 2648 huius
1233 2593 1399 2666 provinciae

180 2673 296 2739 partem
308 2665 374 2719 iter
390 2661 428 2718 ha
448 2671 485 2718 et.
521 2665 644 2719 Fluvius
663 2683 731 2721 sene
748 2666 948 2721 nobilissimus
968 2669 1007 2732 et,
1026 2667 1084 2720 nisi
1103 2683 1150 2721 me
1168 2666 1250 2731 fello,
1268 2683 1287 2720 e
1304 2664 1399 2718 Boma-

181 2739 229 2792 nis
248 2737 319 2790 olim
337 2735 493 2807 praesidiis
510 2738 650 2790 munitus.
686 2735 743 2793 Sed
759 2737 791 2791 h.
811 2737 971 2806 LAufouaa
989 2738 1128 2793 libentius
1147 2737 1283 2814 legerim.
1312 2735 1398 2803 Quum

183 2809 263 2866 enim
281 2809 340 2862 iam
359 2805 481 2862 citerior
497 2805 666 2866 Britanniae
681 2826 750 2880 pars
769 2811 821 2864 sub
839 2810 960 2865 claudio
979 2810 1011 2864 in
1020 2810 1216 2864 Romanorum
1233 2815 1399 2880 potestatem

80 2935 82 2940 ,
182 2879 225 2936 ite
248 2879 391 2944 cessisset,
418 2886 462 2944 ut,
490 2881 542 2950 qui
563 2897 626 2936 eum
649 2880 824 2949 incolerent,
849 2881 1047 2938 Romanorum
1073 2881 1146 2936 socii
1164 2881 1342 2946 dicerentur,
1373 2885 1399 2934 et

182 2951 339 3006 ulteriores
358 2949 493 3014 Britanni
511 2952 625 3023 saepius
643 2951 676 3004 in
694 2950 801 3005 horum
820 2970 906 3030 agros
926 2951 1012 3008 effusi
1031 2955 1130 3007 omnia
1147 2951 1306 3006 violentius
1325 2967 1398 3022 rape-

183 3029 252 3077 rent
282 3021 397 3094 ipsique
423 3021 506 3090 socii,
537 3021 656 3088 facilins
679 3023 874 3078 Romanorum
904 3025 1029 3096 imperia
1056 3041 1142 3097 quam
1167 3025 1241 3079 vitia
1267 3026 1397 3088 ferentes,

184 3091 305 3148 subinde
323 3109 390 3146 cum
408 3091 603 3148 ulterioribus
627 3093 691 3149 illis
718 3095 938 3167 conspirarent3
964 3097 994 3152 P.
1015 3095 1145 3162 Ostorius
1169 3096 1276 3150 ductes
1302 3093 1398 3148 castris

183 3165 318 3232 Ausones
334 3169 361 3217 et
377 3165 529 3219 satanam
545 3164 645 3229 prauos
661 3165 789 3221 cedidere
811 3174 908 3236 porat,
932 3166 964 3223 lu.
984 3183 1009 3222 e.
1034 3169 1225 3222 munimentis
1247 3166 1284 3220 ed
1301 3167 1397 3220 duvios

184 3235 335 3306 dispositis
354 3237 456 3292 statuit
475 3253 610 3292 coercere
618 3235 773 3293 Britannos
791 3239 947 3294 ulteriores
966 3246 997 3293 et
1012 3239 1220 3309 provinciales,
1239 3255 1276 3295 ne
1292 3245 1398 3292 mutuas

186 3323 288 3379 operes
307 3307 340 3360 in
358 3306 501 3362 Romanos
519 3309 678 3366 traderent.
715 3311 830 3376 Ausona
848 3315 980 3365 auduom
996 3311 1103 3366 fluvius
1121 3313 1154 3365 in
1170 3309 1311 3364 umbilico
1328 3312 1398 3362 insu·

186 3377 233 3434 lue
251 3395 382 3462 surgens,
402 3378 437 3432 ad
454 3397 541 3448 quem
559 3380 616 3434 sita
624 3377 866 3453 Nortbamptona,
884 3383 926 3436 ita
943 3383 979 3438 ed
996 3392 1095 3440 ortum
1112 3381 1217 3447 tendit,
1238 3390 1267 3436 et
1277 3379 1398 3438 eiusdem

81 3490 94 3510 ι
185 3450 315 3504 nominis
332 3449 439 3502 fluvius
457 3451 583 3518 vicinus,
607 3448 659 3506 ted
676 3453 783 3518 minor,
807 3455 858 3525 qui
875 3455 1014 3510 sobrinae
1031 3454 1065 3508 ab
1085 3461 1152 3508 ortu
1169 3453 1338 3521 affunditur,
1361 3451 1397 3504 ita

185 3520 223 3575 ad
250 3537 382 3575 occasum
406 3537 436 3574 se
460 3525 587 3589 confert,
617 3529 652 3576 ut
674 3521 798 3578 insulam
822 3533 1019 3581 transversam
1044 3532 1142 3580 secent
1167 3533 1197 3579 et
1223 3525 1254 3577 in
1276 3523 1396 3579 boreales

135 3578 141 3596 ¹
185 3591 354 3646 Britanniae
378 3599 477 3664 partes
506 3595 672 3649 transeunti
702 3594 777 3648 alter
805 3613 842 3650 ex
873 3595 921 3652 his
953 3599 992 3651 sit
1016 3597 1178 3652 necessario
1203 3595 1396 3650 transeundus.

185 3663 279 3732 Quare
302 3681 394 3734 quum
412 3657 541 3718 Ostorius
559 3664 688 3720 Auiones
707 3674 737 3719 et
754 3664 904 3722 Sabrinam
922 3669 1171 3731 communis-isset,
1194 3683 1253 3720 non
1272 3675 1334 3721 erat
1351 3683 1397 3720 cur

186 3753 203 3792 e
219 3734 402 3792 Wallia'rel
420 3735 640 3806 septentrionali
649 3736 817 3793 Britanniae
834 3740 921 3816 plaga
938 3741 998 3795 suis
1013 3740 1149 3794 Romanis
1167 3747 1198 3794 et
1214 3740 1301 3793 sociis
1316 3739 1397 3792 time·

186 3815 243 3874 ret,
262 3807 314 3878 qui
332 3823 365 3862 eo
384 3815 517 3877 tempore
534 3809 701 3878 proximam
718 3810 831 3866 insulae
848 3819 962 3884 partem
981 3811 1162 3866 solummodo
1186 3812 1217 3864 in
1235 3809 1397 3880 provinciae

186 3881 314 3934 formem
338 3879 523 3956 redegerant,
556 3887 589 3932 nt
613 3879 684 3957 Agr.
709 3884 744 3937 ld
769 3899 831 3953 sqq.
862 3891 892 3937 et
921 3881 992 3938 alibi
1019 3891 1145 3938 testetur
1170 3881 1233 3954 ipse
1252 3875 1396 3949 Tacitus.“

186 3950 301 4016 Ausona
323 3968 349 4022 s.
368 3951 488 4004 Ausona
512 3967 591 4004 nunc
614 3951 723 4005 dicitur
739 3950 831 4022 Aeon,
857 3961 888 4009 et
906 3954 1027 4009 Sabrina
1050 3955 1153 4010 suurn
1176 3973 1198 4007 s.
1219 3953 1344 4018 smnus,
1366 3957 1397 4002 ut

187 4027 217 4074 et
243 4023 431 4090 aestuarium,
459 4021 536 4092 quod
559 4020 611 4076 hic
634 4025 716 4089 facit,
741 4027 881 4098 Σαβριάνα
906 4029 1023 4096 εϊςχυσις
1053 4044 1100 4099 ep.
1126 4024 1201 4078 Ptol.
1218 4028 1247 4093 2,
1264 4027 1291 4082 3.
1325 4023 1395 4076 Hinc

185 4091 329 4159 Ausonum
347 4110 370 4146 s·
387 4095 534 4147 Ausonum
550 4109 605 4164 pro
622 4099 763 4149 Anionem
781 4100 927 4169 scripsere
945 4097 1072 4152 editores
1089 4113 1148 4152 rec·

176 4215 180 4224 .
256 4166 300 4220 2-
322 4163 403 4220 Quod
417 4164 519 4234 primi,
536 4165 678 4236 primum,
696 4167 776 4221 lesui
792 4169 924 4235 aonam,
936 4167 1122 4252 prohibuere,
1140 4165 1326 4239 nepraesidii
1338 4181 1395 4289 ape·

186 4234 234 4289 cie
251 4235 406 4290 servitium
424 4237 707 4302 immineret313rct.
744 4241 778 4297 Q.
794 4240 950 4310 primigenus
973 4257 1002 4295 a.
1021 4240 1065 4295 ed.
1084 4240 1164 4312 Spir.
1197 4239 1277 4295 icari
1298 4241 1329 4292 in
1366 4252 1394 4289 o·

185 4305 290 4386 dierna
318 4305 458 4366 Suffolcia
490 4316 522 4365 et
557 4307 730 4366 Nordiolcia
759 4318 791 4366 et
824 4313 856 4366 in
891 4312 1077 4370 comitatibus
1105 4311 1334 4390 Cmtabriqiensi
1366 4315 1392 4363 et
