2854 4788
246 247 390 315 CAPUT
410 249 505 317 ΧΠ.
526 248 604 318 XV.
627 248 682 334 (A.
704 250 746 316 U.
757 251 828 320 sto.
849 249 890 320 Δ.
912 245 949 321 O.
966 185 1049 346 iil),
1197 254 1285 326 483-

34 417 96 473 lac.
118 401 288 472 Gronovius
311 423 342 472 et
358 415 480 474 ballam.
515 416 574 474 Sei
595 417 733 496 vulgatae
760 416 897 472 lectionis
922 413 1021 473 eadem
1039 425 1084 474 cst
1105 421 1260 492 annuntia,

34 507 127 560 quam
145 487 226 544 recte
244 490 324 561 cepit
341 488 497 544 Ernestins
522 498 551 546 et
576 488 624 544 bis
648 491 746 544 verbis
756 490 924 561 expressit:
954 490 1136 560 „Tigellinus
1158 501 1262 549 aanor

34 561 197 627 exstiterat,
215 569 250 614 ut
267 569 470 616 testamentum
494 562 707 638 obsignsrstur,
732 569 888 640 negaverat
929 577 953 628 e,
978 563 1147 634 periculum
1164 567 1262 644 signa·

35 633 154 687 toribus
170 636 254 700 fore3
286 633 337 688 sed
354 633 495 688 Anteium
512 634 585 689 bene
602 637 760 698 facturum,
786 633 812 687 si
830 633 894 686 nihi
926 643 1115 690 cunctaretur
1132 643 1161 692 et
1178 640 1260 694 ocius

34 712 245 759 testamentum
264 707 407 776 scriptum
425 713 522 760 morte
539 703 733 773 (voluntaris)
751 713 847 759 ratum
871 706 998 760 iaceret:
1030 725 1097 762 nam
1114 723 1262 778 mpremus

35 777 153 830 tubulos
169 782 330 844 morantur,
362 779 414 848 qui
432 791 491 830 non
509 777 688 843 moriuntur,
723 785 757 828 ut
783 785 991 832 testamentum
1017 781 1154 856 cognosci
1177 789 1208 836 st
1224 783 1262 838 nt
1344 843 1348 852 ,
1425 783 1426 798 ’

35 847 180 902 effectuum
196 850 301 902 venire
324 863 385 902 non
410 849 535 920 possit“
571 847 757 903 Testamenta
775 863 889 916 eorum,
913 850 964 920 qui
981 859 1077 906 morte
1094 850 1262 908 voluntaria

34 919 256 974 damnationem
273 928 495 992 praevenerant,
521 919 601 974 selva
619 927 648 972 st
666 927 730 973 rata
748 928 840 985 orant,
859 936 920 975 non
938 921 1148 977 damnatorum.
1178 941 1205 976 r.
1224 923 1262 978 ael

34 995 62 1055 4,
82 994 131 1058 oo,
151 993 178 1048 2.
198 994 397 1060 et15,64,³.
434 991 567 1045 Moritur
583 990 716 1056 Anteius,
745 991 859 1062 opinor,
887 991 921 1048 ab
939 993 1051 1059 amicis,
1071 1009 1142 1064 quos
1160 991 1196 1046 Ti
1234 995 1260 1048 l·
1286 1043 1287 1046 ,
1311 1057 1313 1063 q

35 1063 119 1118 linus
138 1070 252 1116 sacrato
270 1063 401 1130 miserat,
420 1079 539 1134 sperans
558 1059 730 1118 hereditatis
747 1069 957 1134 partsmsxeo
974 1071 1164 1134 testamento,
1217 1063 1258 1122 oi.
1314 1079 1317 1096 ·
1425 1113 1426 1138 ,

35 1161 70 1172 -
92 1133 240 1188 intercisis
262 1134 352 1202 venie,
379 1152 408 1190 v.
428 1133 464 1188 ao
482 1137 510 1202 4,
528 1136 573 1200 22,
591 1137 618 1191 i.

427 1275 431 1284 “
499 1274 692 1331 carot*
735 1275 802 1332 XV.

123 1385 279 1456 Ostorius
301 1385 488 1472 longinquis
517 1386 554 1446 in
584 1385 674 1471 agris
702 1380 793 1466 apud
813 1382 914 1446 finem
933 1383 1102 1484 Ligurum
1121 1385 1158 1452 id
1180 1395 1260 1454 tem-

35 1469 134 1550 poris
160 1479 245 1531 erat.
287 1469 335 1534 Eo
365 1470 485 1532 missua
516 1469 682 1546 centurio,
716 1469 774 1550 qni
800 1464 935 1529 caedem
963 1489 1035 1532 erus
1064 1479 1260 1540 maturaret.

35 1551 147 1615 Causa
167 1549 349 1616 festinandi
370 1572 411 1614 ex
433 1568 472 1614 co
495 1551 681 1623 oriebatur,
704 1547 792 1633 quod
814 1547 968 1612 Ostorius
993 1554 1100 1616 multa
1120 1557 1261 1620 militari

35 1639 125 1698 fama
146 1643 180 1699 et
201 1639 340 1700 civicam
358 1654 518 1698 coronam
539 1633 628 1715 apud
642 1634 852 1696 Britanniam
873 1635 1013 1698 moritus
1034 1637 1164 1723 ingenti
1184 1658 1260 1704 oor-
1287 1681 1290 1687 ·

35 1723 132 1802 poris
166 1720 289 1782 robore
317 1737 557 1800 armorumque
582 1718 722 1782 scientia
747 1723 873 1778 metum
893 1716 1025 1779 Neroni
1047 1721 1183 1800 iecerat,
1217 1742 1261 1786 ne
1301 1736 1304 1744 ⁴

35 1801 213 1867 invaderet
234 1801 392 1884 pavidum
413 1820 545 1884 semper
566 1808 600 1864 et
621 1806 756 1883 reperta
776 1813 886 1880 nuper
903 1801 1134 1866 coniuratione
1154 1809 1260 1893 magis

35 1888 250 1950 exterritum.
304 1885 414 1971 Igitur
442 1885 609 1963 centurio,
644 1884 703 1946 ubi
730 1883 851 1968 effugia
876 1882 976 1946 villae
1007 1884 1138 1966 clausit,
1169 1889 1262 1954 iussa

34 1969 257 2052 imperaturis
285 1970 422 2032 Ostorio
450 1969 569 2050 sperit.
624 1965 656 2030 Is
683 1963 917 2028 tortitudinem
953 1986 1051 2050 saepo
1080 1968 1260 2036 advorsum

35 2052 150 2114 hostes
165 2046 358 2135 'spectatam
391 2051 427 2112 in
454 2070 489 2113 se
511 2049 629 2127 vertit,
664 2057 698 2111 et
725 2048 802 2131 quia
822 2067 927 2112 venae
948 2069 1134 2135 quanquam
1154 2055 1260 2118 inter.

37 2143 158 2218 ruptae
179 2155 298 2217 parum
320 2135 492 2220 sauguinis
513 2133 735 2204 effundebant,
757 2129 917 2194 hactenns
938 2152 1038 2196 mann
1055 2138 1146 2198 servi
1166 2147 1259 2218 usus,

35 2227 76 2281 ut
94 2221 270 2281 immotum
292 2219 473 2306 pugionem
494 2217 685 2290 extolleret,
707 2217 874 2298 appressit
894 2213 1048 2280 dextram
1068 2219 1141 2282 eius
1160 2221 1259 2309 ingn-

34 2304 133 2387 loque
155 2303 317 2367 occurrit.

36 2421 344 2560 sutrim
365 2415 1263 2563 miiiiiiii}'ii‘sifdile'l'ri'aiiij

35 2570 79 2623 ⁴9·
108 2567 136 2629 ⁴2
161 2565 205 2620 ⁵0·
231 2567 259 2628 99
283 2568 308 2621 6·
336 2566 380 2629 1⁰2
405 2565 451 2618 35·
479 2565 525 2627 ³⁵9
552 2564 597 2618 2⁷·
623 2563 668 2626 38,
694 2561 738 2615 1⁵·
764 2559 814 2611 nbi
839 2577 867 2614 Υ.
888 2561 978 2616 ῦΓῦΠ.
999 2568 1029 2612 Et
1046 2558 1141 2614 Dfflk:
1174 2563 1259 2629 „Non

35 2635 228 2708 aspernabilis
246 2637 370 2688 sonasse
387 2636 554 2687 coniectura
571 2637 671 2684 nostra
688 2631 766 2698 opud
782 2631 885 2683 Fanum
903 2628 1054 2698 Ligurum,
1082 2633 1107 2685 si
1125 2634 1259 2690 contule·

36 2710 77 2762 ris
161 2708 214 2763 ,7.
251 2707 283 2759 in
304 2705 415 2774 Templo
434 2703 583 2774 (Ligurine
598 2717 669 2770 pars
687 2705 741 2762 eet)
761 2699 906 2754 hostiliter
920 2701 1109 2770 populatur.“
1133 2701 1256 2772 Lipsius.

36 2777 111 2845 „Sed
155 2779 245 2848 'psius
262 2778 420 2831 lectionem
439 2775 480 2828 ibi
500 2782 667 2842 corruptam
690 2774 826 2826 enotavit.
864 2771 996 2825 Ostorius
1020 2781 1118 2826 autem
1143 2773 1177 2828 a'd
1193 2781 1258 2830 tem·
1336 2776 1339 2783 '

34 2849 116 2921 poris
134 2857 198 2902 erat
215 2864 274 2902 non
292 2848 381 2926 longe
399 2865 415 2901 a
434 2847 523 2914 Luna,
540 2847 638 2929 primo
655 2845 794 2899 Etruriae
812 2844 929 2914 oppido,
957 2842 1034 2915 quoi
1050 2852 1140 2914 portu
1157 2846 1276 2902 nobile·
1306 2909 1307 2912 Ἴ

36 2932 87 2977 est.
107 2940 135 2977 v.
155 2919 446 2987 Ptin.:s,s.“13rot.
467 2951 500 2967 ,-
536 2918 570 2970 ad
587 2915 733 2986 temporie,
759 2919 797 2968 ci.
821 2914 942 2970 int-ll.
969 2933 997 2968 v.
1016 2916 1047 2968 ts
1070 2921 1100 2969 et
1116 2915 1180 2969 ind.
1200 2917 1256 2972 tlt.

35 3013 63 3047 v.
91 2992 218 3046 Gontioi
241 2992 333 3044 iuncti
355 2989 568 3061 prouonunibue
595 2989 716 3041 neutris.
744 3019 777 3031 -
813 2987 910 3041 Gauro
935 2986 1108 3052 {eminentis
1135 2989 1169 3041 in
1197 2989 1254 3048 MS.

36 3065 121 3121 Corb.
141 3081 165 3122 c.
183 3063 359 3116 maturandi.
380 3095 413 3105 -
450 3077 483 3114 ee
501 3078 532 3114 eo
552 3060 714 3113 oriebatur.-
745 3059 910 3124 „Gruterus
936 3056 989 3111 bas
1006 3074 1093 3112 rocas
1112 3057 1257 3117 abundare

36 3155 90 3192 uec
108 3137 143 3190 sb
161 3143 280 3188 auctore
297 3150 429 3188 manasse
447 3139 539 3203 putat.
565 3129 596 3183 Si
611 3131 737 3185 velimus
756 3131 850 3182 severi
869 3144 941 3195 esse,
961 3137 1055 3183 totum
1074 3129 1149 3184 illud
1168 3147 1259 3186 conec

37 3235 70 3248 -·
87 3207 230 3262 edebam
248 3205 344 3260 abasse
362 3211 474 3276 potest:
494 3202 545 3258 sed
562 3200 682 3256 'ianime
701 3199 961 3256 innumerabilibus
984 3201 1058 3255 locis
1076 3200 1173 3288 legem
1190 3203 1257 3260 bre.

35 3281 138 3333 vitatis
162 3280 204 3332 mi
243 3277 338 3330 avit.“
363 3277 432 3330 Era,
469 3273 594 3340 „Totum
620 3272 697 3325 illud
721 3287 782 3325 non
802 3279 847 3326 est
864 3271 993 3326 alianum
1010 3290 1027 3326 a
1045 3271 1140 3327 Tacrti
1159 3275 1280 3331 elocn-·

35 3355 125 3406 tione.
146 3369 207 3404 na
247 3355 291 3415 11,
309 3352 337 3412 i,
357 3347 403 3402 1ss
426 3343 534 3400 Waltlt.
571 3343 825 3412 credebatur-pro
843 3357 878 3396 es
896 3359 927 3396 eo
946 3343 1088 3397 oriebatur
1104 3337 1254 3424 MS.‘Agr.

36 3433 66 3478 et
85 3423 129 3478 ed.
149 3421 228 3492 Spir.
249 3453 282 3464 -·
320 3417 454 3473 Ostorius
471 3417 561 3471 multa
579 3415 702 3468 militari
718 3416 797 3482 somn
813 3431 842 3468 r.
863 3413 898 3468 ad
915 3417 942 3479 3,
961 3417 1006 3480 62,
1025 3419 1051 3470 2.
1071 3441 1106 3455 ·-
1136 3417 1257 3474 ciuicam
1299 3439 1301 3444 ’

34 3508 169 3549 coronam
187 3493 263 3562 opud
279 3491 474 3556 Britanniam,
503 3491 535 3541 iu
562 3487 722 3553 Britannia,
748 3485 799 3552 (ci.
818 3485 880 3540 tuo.
902 3485 943 3540 11.
968 3503 998 3538 v.
1017 3487 1112 3556 Apud)
1131 3491 1256 3556 meritus,

33 3585 63 3620 r.
84 3569 131 3629 lo,
149 3569 193 3622 31.
212 3571 288 3620 extu
307 3570 337 3617 et
354 3563 390 3616 ad
406 3565 433 3628 2,
453 3565 499 3626 83,
519 3564 546 3614 1.
568 3587 600 3598 -
636 3557 749 3628 ingenti
766 3555 896 3626 corporis
913 3557 1013 3612 robore
1031 3558 1092 3612 cdd.
1112 3561 1179 3615 Ber.
1203 3561 1257 3628 (ad

34 3655 124 3710 qnam
142 3637 226 3690 siluit
244 3631 336 3700 vict.)
353 3633 445 3689 Rhen.
465 3638 490 3689 l·
505 3635 531 3686 i.
551 3633 578 3687 3.
598 3647 659 3700 sqq.
679 3629 700 3686 ι’.
720 3628 849 3697 corporis
866 3629 994 3696 cor-poris
1011 3628 1160 3687 MS-Flor.
1180 3639 1256 3686 teste

34 3711 133 3763 Furia.
152 3707 173 3761 i.
193 3705 309 3776 emori
325 3707 427 3760 robore
447 3704 491 3760 ed.
518 3701 596 3786 Spir.
621 3701 732 3768 ingenii
757 3715 871 3769 empore
895 3699 971 3756 MSS.
997 3699 1080 3758 Harl.
1100 3701 1181 3756 Boii.
1200 3703 1255 3761 les.
1299 3735 1302 3744 =

34 3781 136 3837 Guelf.
156 3779 219 3833 sii„
236 3779 300 3832 Put·
321 3781 345 3832 l·
364 3780 390 3834 2.
411 3807 443 3820 ·-
480 3789 515 3828 roe
531 3771 679 3826 inuaderet
698 3771 763 3826 scil.
787 3786 834 3836 ae,·
865 3771 933 3828 Em.
959 3771 1006 3826 Gi.
1030 3771 1067 3828 sn
1089 3775 1115 3841 5,
1134 3775 1161 3840 ὅ,
1182 3777 1206 3830 1.
1226 3781 1257 3828 et

34 3854 97 3908 lud.
120 3851 175 3904 111.
193 3867 221 3906 r.
241 3849 367 3920 Ellipses
385 3865 431 3901 nr.
449 3848 478 3904 5.
515 3861 550 3898 ne
568 3845 749 3898 invaderetur
776 3841 1013 3900 std.1³ut.1.a.
1051 3859 1085 3897 ne
1111 3845 1257 3899 inuaderet

33 3931 64 3978 nt
79 3919 219 4046 pavini}
237 3922 314 3975 coni.
337 3917 472 3974 Freinsh.
499 3924 531 3972 st
548 3915 747 3971 reinvaderet
770 3913 801 3967 iu
815 3915 952 3984 pavidum
973 3913 1038 3986 Bip.
1059 3947 1092 3959 -
1129 3923 1256 3986 reperta,

33 3996 447 4134 delessaim3·1mmotffla
472 4059 586 4115 Ostorio
610 4057 703 4128 operit
726 4057 783 4112 MS.
810 4057 895 4112 Gorb.
924 4055 986 4112 add.
1011 4057 1077 4114 Ber.
1098 4056 1256 4130 (adquam

33 4139 120 4192 siluit
136 4136 228 4203 Vict.)
244 4135 338 4190 liban.
360 4140 384 4191 1.
403 4136 506 4190 Ma
529 4149 556 4203 q.
592 4131 674 4184 iussa
697 4129 763 4200 inii
783 4128 899 4192 Ostorio
923 4128 979 4184 MS.
999 4129 1081 4188 Flor.
1106 4137 1180 4184 testo
1197 4129 1253 4184 lac.

33 4209 127 4262 Gron.
154 4207 236 4262 iussn
262 4209 294 4263 iu
311 4207 344 4264 P.
370 4205 489 4260 Ostorio
509 4151 570 4259 llS.
594 4203 663 4281 ling.
694 4201 737 4256 eo.
765 4199 843 4272 Spir.
873 4201 954 4255 iussu
976 4201 1043 4256 iuste
1062 4200 1178 4256 Ostorio
1196 4199 1254 4256 ΜΒ.

32 4281 114 4334 Bndl.
141 4278 205 4334 adt.
229 4279 292 4333 Put.
312 4283 338 4335 1.
357 4279 385 4335 ².
412 4277 492 4331 tussa
515 4275 584 4330 inste
614 4279 689 4344 post·
707 4271 824 4327 Ostorio
855 4271 933 4327 MSS.
962 4273 1044 4329 Harl.
1071 4273 1125 4326 les.
1155 4272 1254 4330 Ousli.

31 4352 113 4406 mssa
131 4351 225 4422 inpoat
242 4349 357 4406 Octorio
374 4349 432 4407 MS.
450 4345 522 4403 oua.
540 4347 622 4402 tusae
638 4345 670 4403 P.
689 4343 805 4400 Ostorio
822 4343 960 4422 ltingt
979 4343 1035 4400 ost
1051 4341 1122 4398 buin
1138 4343 1248 4400 ostes-r

938 4432 1007 4499 31*
