2854 4788
60 322 67 330 ¹
170 227 315 298 CAPUT
335 227 496 297 LXXIII.
518 227 677 294 LXXIV.
715 227 771 312 (Δ.
783 225 823 292 U.
835 227 908 298 818.
929 227 971 296 s.
985 225 1022 296 G.
1032 229 1101 312 65.)
1183 231 1248 304 463

434 395 628 454 cesur
665 371 841 456 ‘uxum

108 507 199 572 'l'um
230 505 317 572 dona
343 514 379 570 et
397 513 509 593 mater
532 502 604 569 deis
631 502 861 569 decernuntur
891 507 1113 592 propriusque
1140 505 1247 574 honos

31 591 109 672 Soli,
130 593 202 670 (cni
222 599 273 656 est
292 601 389 654 vetus
410 587 508 654 aedes
539 586 629 672 apud
648 591 787 670 circum,
817 593 853 652 in
874 611 939 673 quo
960 593 1087 654 facinus
1107 593 1247 673 peraba-

31 675 96 755 tur)
117 678 178 760 qni
199 675 328 740 occulte
349 674 591 738 coniurationis
612 675 748 736 numine
768 676 957 754 retexisset,
994 683 1097 759 utque
1117 677 1247 738 circen-

31 761 113 823 sium
135 758 325 822 Cerealium
345 755 515 820 ludicrum
535 757 689 839 pluribus
711 775 873 840 equorum
894 758 1048 838 cursibus
1061 757 1247 822 celebrare-

31 851 84 906 tur
114 846 303 926 mensisque
329 841 458 926 Aprilis
478 839 626 903 Neroni·
655 851 912 928 cognomentum
943 844 1126 926 acciperet,
1163 849 1248 906 tem-

31 927 119 1026 plum
148 926 258 988 Saluti
288 930 524 1008 exstrueretur
554 943 594 986 eo
620 923 699 1003 loci,
734 943 774 986 ex
798 943 874 1070 guo
901 923 1083 989 Scaevinus
1118 927 1248 988 terrum

31 1020 250 1093 prompserat.
292 1009 367 1091 Ipse
388 1027 464 1072 enm
485 1009 666 1096 pugionem
686 1005 777 1092 apud
826 1008 1003 1090 epitolium
1030 1009 1175 1074 sacravit
1194 1009 1248 1072 in·

31 1095 228 1176 scripsitque
261 1109 333 1154 tort
370 1107 512 1154 visores.
571 1092 610 1153 Iu
643 1109 799 1175 praesens
840 1089 931 1154 baud
962 1091 1248 1170 animadversum
1321 1085 1326 1096 '
1413 1071 1414 1096 ¹

31 1183 103 1258 post
123 1195 217 1239 arma
245 1175 326 1238 Iulii
352 1161 509 1238 Vindiiis
539 1172 583 1237 ad
603 1176 788 1258 auspicium
816 1182 851 1237 et
878 1177 1090 1263 praesagium
1114 1178 1249 1240 futurae

31 1261 168 1323 ultionis
189 1257 398 1322 trahebatur.
442 1257 585 1340 Reperio
613 1258 651 1320 in
678 1261 927 1320 commentariis
956 1268 1100 1338 senatus,
1133 1258 1249 1322 Ceria-

32 1344 92 1404 lem
118 1342 277 1406 Anicium
307 1341 474 1404 consulem
506 1339 716 1428 designatum
747 1360 811 1425 pro
832 1345 1006 1406 sententia
1042 1340 1176 1422 dixisse,
1209 1351 1250 1406 ut

32 1426 189 1508 templum
211 1423 291 1488 divo
311 1423 442 1488 Neroni
463 1445 559 1506 quam
588 1424 786 1486 maturrime
814 1424 947 1508 publica
974 1428 1117 1507 pecnnia
1146 1445 1249 1526 pone·
1283 1495 1287 1502 ,

31 1520 138 1572 retur.
179 1497 281 1573 Quod
298 1507 428 1594 quidem
450 1509 507 1570 ille
528 1505 729 1570 decernebat
749 1515 906 1589 tanqumn
920 1499 1065 1570 mortale
1079 1510 1249 1596 fastigium

32 1611 163 1680 egresso
185 1599 219 1654 et
240 1593 489 1655 venerationem
510 1589 683 1652 hominum
705 1593 839 1670 merito,
869 1591 1079 1674 quorundam
1100 1591 1143 1655 ad
1164 1596 1248 1660 cmi·

32 1695 72 1738 na
92 1673 207 1737 dolum
228 1676 283 1736 sni
303 1675 411 1737 exitus
432 1681 643 1738 verteretur:
665 1693 741 1734 nam
762 1672 861 1736 deum
883 1675 992 1737 honor
1013 1674 1162 1760 Principi
1178 1695 1248 1740 non
1323 1711 1325 1719 ν

33 1767 106 1822 ante
128 1758 272 1822 babetur
294 1777 391 1842 quam
412 1777 513 1844 agere
533 1757 625 1820 inter
645 1756 796 1820 homines
818 1755 968 1824 desierit.

99 1881 127 1934 1.
149 1875 219 1930 mm
237 1877 311 1930 dono
337 1882 366 1931 et
387 1879 485 1944 grates
508 1873 571 1932 deis
597 1874 641 1939 (iu
659 1873 704 1930 ed.
722 1873 799 1946 Spir.
820 1873 892 1940 diis)
919 1875 1113 1946 decernuntur,
1142 1885 1177 1932 ut
1202 1896 1248 1951 ep.
1309 1885 1312 1893 '

31 1949 93 2003 Iis.
111 1949 160 2015 33,
184 1950 314 2018 tprino.
353 1949 422 2001 unm
448 1948 562 2002 decreta
585 1948 659 2000 dona
678 1947 918 2002 -decernuntur
939 1945 1018 2002 MSS.
1045 1954 1075 2003 et
1102 1949 1164 2004 edd.
1190 1959 1249 2008 vet.

32 2019 84 2076 Sed
101 2019 153 2075 vel
170 2019 284 2074 decreta
300 2017 351 2074 vel
375 2020 565 2074 decernuntur
585 2015 747 2076 delendum.
777 2018 890 2074 decreta
915 2037 951 2074 ex
977 2019 1053 2074 ditto
1091 2021 1177 2093 aphia
1201 2038 1250 2077 or·

32 2101 93 2146 tum
118 2099 220 2147 censet
241 2091 346 2146 Mitter.
376 2093 477 2145 decora
504 2107 560 2161 pro
587 2107 620 2146 eo
650 2090 885 2146 substituendum
914 2092 1035 2164 putabet
1054 2037 1177 2148 irmarus
1211 2093 1249 2152 sd

32 2164 143 2234 symm
161 2165 189 2226 8,
205 2164 250 2220 23.
269 2161 394 2216 discreta
411 2161 518 2218 Hiller.
536 2179 643 2218 recem.
665 2164 707 2222 IS.
732 2167 828 2216 cetera
846 2163 905 2216 lac.
925 2164 1018 2218 Gron.
1046 2195 1079 2208 -
1096 2165 1250 2234 proprius-

32 2235 194 2304 pretence,
210 2231 379 2306 peculiaris,
397 2237 591 2306 praecipuum
609 2235 679 2288 Em.
699 2267 734 2278 -
752 2233 824 2300 Soti,
844 2233 893 2287 cui
911 2241 953 2289 eet
976 2239 1055 2290 aetus
1069 2237 1156 2290 cedes
1174 2237 1251 2306 apud

33 2309 146 2361 circum
162 2307 333 2360 maximum.
368 2305 412 2361 De
436 2324 469 2361 es
491 2325 519 2362 s.
539 2304 664 2360 Tertull.
693 2306 728 2360 de
747 2312 838 2376 spect.
857 2309 900 2372 8.;
926 2305 1003 2375 lips.
1030 2335 1063 2346 -
1087 2309 1251 2363 circensium

31 2377 596 2450 caemtumtuetnum,v.a‹1mp.5s
618 2378 714 2448 princ.
744 2409 777 2420 -
804 2377 961 2447 mensisque
983 2378 1099 2448 Aprilis
1125 2379 1252 2436 Neronis

32 2456 241 2520 cognomentum
259 2449 408 2519 acciperet,
428 2452 468 2504 cf.
489 2451 533 2515 16,
553 2451 595 2506 12.
615 2449 774 2520 mmsieque
791 2448 870 2504 MSS.
889 2449 960 2524 Bud.
980 2450 1078 2509 Guelf.
1100 2451 1162 2506 edd.
1181 2455 1247 2506 Put.

32 2529 56 2578 1.
74 2527 102 2580 2.
122 2521 187 2576 Ber.
207 2521 256 2590 (sd
273 2539 359 2592 mam
378 2521 463 2576 siluit
479 2520 570 2589 Viet.)
588 2519 680 2576 Iihen.
699 2525 725 2577 1.
744 2523 770 2577 2.
790 2524 818 2576 3.
839 2539 900 2590 sqq.
928 2520 1032 2574 mensis
1050 2539 1153 2593 quoque
1170 2521 1249 2580 MSS.

32 2594 101 2671 lieg.
122 2592 207 2651 Gorb.
227 2593 291 2648 edd.
310 2591 388 2664 Spir.
407 2591 487 2646 Brot.
507 2593 572 2663 Bip.
594 2621 627 2632 -
646 2593 778 2662 ternplum
795 2591 893 2646 Saluti
910 2596 1101 2648 exstrueretur
1124 2611 1156 2648 ea
1183 2594 1250 2662 loci,

32 2666 70 2733 (v.
88 2665 126 2721 sd
143 2670 171 2732 4,
188 2667 216 2732 4,
236 2663 274 2730 l.)
292 2680 327 2718 ee
346 2680 400 2734 quo
417 2663 572 2720 Scaeuinus
598 2661 643 2732 (v.
662 2665 698 2718 ad
716 2679 739 2718 c.
759 2665 803 2720 49.
822 2682 851 2738 p.
870 2662 909 2729 2.)
933 2665 1041 2730 terrum
1059 2671 1250 2734 prompserat,

33 2741 69 2791 ct.
89 2755 116 2792 c.
135 2739 180 2794 63.
199 2763 233 2776 -··
251 2737 325 2806 lpse,
343 2737 433 2803 Nero,
453 2734 495 2802 (v.
515 2736 551 2790 sd
568 2739 595 2802 4,
614 2738 641 2803 6,
660 2735 700 2800 1.)
727 2751 789 2790 eum
808 2734 961 2805 pugionem
985 2735 1062 2802 apud
1077 2737 1251 2806 Capitolium

32 2808 172 2864 manus:
199 2807 287 2874 „ritu
305 2809 401 2862 reteri
419 2814 449 2862 et
467 2815 595 2878 recepto.
614 2826 644 2862 v.
664 2807 742 2865 Suet.
764 2805 823 2864 Cel.
843 2825 868 2862 c.
887 2810 932 2864 24.
952 2815 983 2864 et
998 2806 1057 2863 vit.
1085 2825 1111 2861 c.
1130 2813 1174 2865 10.
1199 2809 1251 2862 Xi-

51 2880 105 2937 hit
125 2883 170 2947 77,
188 2883 232 2938 23.
252 2887 282 2934 et
299 2879 403 2936 lustin.
422 2881 449 2943 9,
468 2883 494 2934 7.
532 2878 657 2934 Pulchre
675 2877 800 2934 Ter-tull.
821 2879 856 2933 de
874 2895 982 2934 resurr.
1002 2879 1114 2933 cernis:
1133 2880 1252 2948 gladius

114 2953 150 3006 de
168 2951 239 3005 betto
258 2957 392 3006 musenius
409 2957 436 3005 et
454 2950 556 3004 melior
574 2949 715 3006 homicida
734 2949 845 3004 laudem
861 2967 941 3004 suam
958 2951 1167 3006 consecratione
1182 2967 1252 3021 pen-

32 3024 134 3078 sabit.“
152 3021 278 3092 Lipsius.
314 3023 380 3092 Ipse
398 3023 474 3077 enim
489 3023 641 3092 pugionem
659 3021 715 3077 MS.
734 3021 804 3110 Reg.
825 3023 901 3090 apud
917 3022 1093 3091 capitolium,
1120 3041 1147 3077 v.
1167 3024 1203 3078 sd
1220 3027 1249 3088 3,

34 3099 76 3162 46,
94 3099 120 3152 2.
140 3127 174 3140 -
193 3095 227 3148 In
241 3109 378 3163 praesens
396 3095 435 3162 (v.
455 3095 491 3149 sd
503 3100 529 3161 1,
545 3099 571 3161 1,
583 3094 623 3161 2.)
642 3093 718 3149 tmu
736 3095 957 3150 animaduersum
975 3112 1016 3150 sc.
1035 3095 1082 3148 id:
1101 3103 1165 3148 tum
1185 3094 1254 3166 qul·-⁸

33 3166 106 3233 dem,
123 3168 200 3237 rupis
217 3171 324 3235 χρῆμα,
349 3181 433 3220 nemo
457 3167 588 3220 animum
612 3167 740 3222 advertit
764 3175 794 3224 et
810 3167 996 3242 praesagium
1019 3163 1139 3236 aliquod
1162 3167 1194 3220 in
1219 3183 1252 3220 es
1366 3222 1371 3236 ,

33 3255 65 3292 re
83 3239 213 3293 notavit:
233 3245 300 3294 ante
319 3245 455 3293 eventum
474 3253 534 3292 non
551 3238 683 3315 prodigii
700 3238 766 3292 loco
783 3237 915 3292 habitum
934 3254 1030 3309 neque
1048 3237 1252 3304 observatum

33 3309 102 3363 Ern.
139 3315 190 3364 aut
215 3325 270 3382 pro
295 3307 371 3364 laud
398 3307 447 3364 ed.'
460 3307 536 3380 Spir.
564 3317 598 3362 ut
616 3327 707 3380 saepe.
736 3310 782 3364 Cf.
801 3308 878 3364 sdc.
899 3315 924 3366 l.
946 3309 1073 3375 etita,
1092 3310 1137 3365 42.
1175 3309 1253 3366 Quod

34 3383 81 3434 vel
99 3381 132 3435 id
148 3389 217 3440 ante
244 3381 275 3434 in
296 3397 434 3451 praesens
460 3379 601 3435 excidisse
625 3381 847 3453 suspicabantur
864 3378 946 3437 Acid.
976 3389 1005 3435 et
1022 3379 1157 3437 Freinsb.
1194 3379 1252 3435 Sed

33 3461 169 3506 neutrum
188 3455 384 3507 necessarium
401 3460 489 3525 puto;
508 3453 578 3510 Ern.
603 3485 635 3496 -
659 3461 833 3522 postuma,
858 3453 980 3519 bellum,
1007 3451 1048 3517 (r.
1067 3451 1103 3506 ad
1121 3458 1146 3520 1,
1165 3455 1193 3519 2,
1213 3452 1251 3521 l.)

32 3523 104 3578 Iulii
125 3523 256 3580 Vindicis
274 3523 321 3588 (de
340 3539 397 3594 quo
417 3543 443 3576 v.
463 3522 526 3576 Ind.
546 3529 571 3580 1.
601 3531 632 3578 et
648 3524 727 3581 Suet.
744 3527 814 3580 Ner.
840 3539 865 3578 c.
885 3527 928 3582 43.
948 3522 1006 3589 41.)
1032 3524 1071 3576 ad
1093 3523 1253 3593 auspicium

33 3601 61 3649 et
77 3595 263 3666 passagium
280 3595 393 3662 futurae
409 3594 527 3649 ultionis
545 3613 581 3649 ex
598 3597 716 3651 Nerone
732 3597 874 3668 petendae
901 3593 1083 3649 trahebaturs
1110 3613 1176 3650 nam
1203 3605 1253 3650 c'o·

34 3685 160 3742 gnomen
182 3667 313 3722 Vindicis
335 3667 401 3721 lovi
419 3675 448 3722 et
472 3667 549 3720 lulio
574 3683 726 3722 commune
751 3677 821 3724 eret.
852 3673 902 3722 aut
927 3666 1085 3738 auspicium
1109 3667 1151 3722 ed.
1173 3665 1250 3737 Sp'ir.

34 3739 217 3806 „auspicium
235 3747 264 3793 et
279 3737 465 3807 praesagium
484 3745 552 3792 sunt
571 3755 743 3808 synonyma.
779 3739 890 3795 Eodem
908 3739 994 3793 modo
1010 3737 1121 3792 dictum
1139 3738 1170 3791 in
1184 3753 1252 3807 pro-

35 3811 142 3876 digium
160 3817 188 3864 et
206 3825 286 3862 omen
303 3809 510 3863 imminentium
528 3810 650 3862 cladium
667 3812 826 3865 vertebatur
843 3811 880 3867 ll.
899 3815 926 3879 1,
945 3813 990 3868 86.
1011 3819 1087 3866 extr.
1112 3811 1162 3864 ubi
1184 3825 1252 3878 pro-

36 3881 143 3948 digium
161 3889 191 3936 et
209 3897 287 3934 omen
306 3890 355 3934 eut
374 3897 537 3951 synonyma
556 3889 623 3934 sunt
641 3890 692 3935 aut
708 3899 764 3953 per
781 3881 813 3936 ἓν
830 3881 878 3936 διὰ
897 3882 979 3936 δυοῖν
996 3883 1092 3952 posita
1104 3897 1158 3952 pro
1175 3897 1252 3934 amen

37 3953 203 4016 funestum.“
227 3949 308 4005 liotl.
337 3953 372 4006 de
400 3969 502 4024 synon.
523 3968 566 4023 ap.
587 3951 654 4008 Tac.
679 3971 711 4023 p.
731 3957 774 4010 1⁰·
799 3961 830 4008 et
847 3958 892 4011 21.
929 3961 956 4007 et
974 3953 1113 4008 omissum
1140 3954 1172 4007 in
1190 3951 1250 4006 MS.

37 4023 102 4100 Agr.
121 4033 151 4080 et
169 4024 214 4080 ed.
235 4022 311 4096 Spir.
331 4024 410 4094 quod
427 4023 566 4095 probabat
583 4023 730 4078 Heinsius.

103 4117 130 4170 2.
148 4115 271 4184 Reperio
289 4113 320 4168 in
338 4113 542 4169 caementariis
560 4119 685 4180 senatus,
705 4132 734 4170 v.
753 4110 789 4167 ed
805 4117 833 4180 3,
851 4117 879 4182 3,
898 4117 925 4170 1.
946 4141 980 4154 -
997 4119 1025 4168 et
1043 4111 1253 4168 uenerationem
1310 4117 1318 4128 '

37 4181 173 4239 munaum
197 4185 308 4253 merito,
337 4187 390 4256 qui
417 4185 501 4238 cultu
528 4185 629 4240 divino
654 4185 688 4240 ab
712 4183 880 4240 hominibus
929 4185 1078 4240 resstsndo
1097 4185 1203 4262 dignus
1222 4193 1254 4240 et

38 4257 100 4310 iam
111 4257 196 4312 divus
215 4265 300 4321 esset,
319 4259 376 4312 etsi
393 4255 520 4312 noudum
540 4265 684 4312 mortuus·
720 4255 768 4311 lta
793 4259 855 4313 edd.
926 4275 971 4313 eo.
989 4259 1018 4314 2.
1037 4260 1056 4314 3
1073 4275 1134 4328 sqq.
1159 4262 1186 4310 et
1207 4272 1254 4312 oe·

40 4330 145 4384 amatia
171 4328 241 4384 item
265 4327 463 4416 iaminum'm.
491 4327 568 4386 MSS.
585 4327 785 4401 xFlaminii..
799 4335 827 4386 et
851 4328 1057 4386 uenerationem
1082 4329 1151 4384 item
1168 4325 1252 4422 ign.
