2854 4788
172 231 317 300 CAPUT
336 231 479 302 XLVII.
501 233 658 300 XLVIII.
686 231 740 316 (A.
761 233 801 302 U.
821 235 896 304 ele.
917 237 959 304 Δ.
980 235 1017 304 G.
1038 237 1107 320 65.)
1189 241 1253 308 lto

31 403 90 466 do,
106 415 289 472 praegnante
319 399 482 470 undeds'ee,
508 417 563 472 quo
587 399 729 471 gravidae
745 399 856 458 boeticis
872 403 1099 476 immolabuntur,
1118 405 1250 464 bordi-

30 473 170 528 ce'dio.“
188 473 271 543 Ryot.
291 471 430 527 Civem.
442 471 517 528 alt.
528 477 556 540 2,
569 475 596 538 ὅ,
609 477 635 533 6.
664 475 740 531 Quae
758 475 873 530 sterilis
889 493 983 545 vacco,
1002 483 1110 532 tauro
1127 475 1250 549 oppetiti·

31 553 86 613 tur,
106 561 179 616 quoe
195 559 369 613 praegnans,
388 540 517 598 bordes
535 546 609 600 unde
632 544 858 614 bordicolio,
870 547 976 616 (sacre
990 551 1084 615 testa)
1101 549 1132 604 in
1150 551 1249 621 quitus

31 616 164 671 los-doe
189 617 269 670 looee
291 621 461 673 mactantur.
497 616 590 671 Locus
613 626 710 674 eutem
734 617 877 684 eliscus
900 626 937 673 re'
956 628 985 674 et
1010 633 1091 674 sumo
1114 623 1249 706 testeque

31 691 86 742 isto
104 696 150 742 est
168 688 249 742 Ovid.
268 687 346 740 Fast.
365 691 392 754 4,
410 691 561 747 ete—ete.
590 705 625 744 ex
643 705 700 759 quo
719 692 806 744 etiam
823 698 914 762 patet,
944 692 1039 760 forda,
1063 691 1248 758 sordicidscut

32 769 60 815 et
76 759 236 826 fordioolia
252 759 364 813 rectius
382 760 490 814 scribi.-
510 758 590 826 (nam
607 760 709 816 literas
726 759 745 814 b
767 770 797 818 et
814 763 831 828 f
852 763 965 834 saepius
982 764 1145 834 permutari
1163 763 1248 819 docet

30 831 178 886 Gesner-ue
202 831 235 884 in
256 829 341 884 Thes.
366 830 412 885 lit.
431 832 503 885 Fet
520 850 549 886 v.
567 831 733 902 Digonoao)
762 833 861 887 Tertio
882 841 946 902 poet
968 834 1084 889 Venerio
1101 852 1182 906 quum
1197 838 1247 890 luc

32 903 193 956 surrexerit
209 903 289 969 Idus,
308 903 370 968 (XV
385 901 497 974 April.)
514 903 663 970 Pontifices
688 907 798 972 forda
820 921 905 960 sacro
923 905 1002 960 litote
1020 907 1096 962 dove.
1131 908 1248 962 Fordc

29 978 155 1029 ferens
173 975 222 1028 boe
236 981 279 1028 eet
295 975 477 1044 fecundoque,
496 975 573 1029 dicto
590 978 753 1043 ferendo.-
770 971 847 1034 Hinc
863 975 949 1030 etiam
966 978 1065 1044 fetus
1082 993 1179 1032 nornen
1196 973 1248 1032 bo‘·

30 1047 93 1100 bere
117 1052 229 1114 putam.
269 1045 351 1098 Nunc
372 1045 523 1114 gravidum
545 1063 628 1116 pectes
655 1056 708 1112 eet,
744 1049 885 1117 grauidae
910 1063 983 1102 nunc
1008 1049 1113 1102 eamne
1141 1056 1248 1104 imus.

33 1117 143 1172 Telluri
158 1121 257 1186 plenae
274 1117 390 1170 victima
404 1120 488 1186 pleno
505 1120 600 1173 dotem
620 1151 653 1164 -
692 1119 768 1173 Esto
784 1121 862 1174 bovis
880 1120 984 1174 donem
1001 1120 1155 1190 gravidare
1181 1121 1248 1188 feli-

29 1191 91 1242 cior
106 1205 198 1243 omme
215 1187 346 1242 Proveoe't
365 1195 392 1242 et
410 1192 533 1257 fructum
557 1195 636 1244 terra
650 1208 787 1262 pecusque
805 1195 906 1258 ferunt.
943 1192 979 1245 ln
999 1191 1042 1247 ed
1070 1191 1149 1264 Spir.
1168 1195 1247 1261 'gra-

28 1260 162 1314 vissimos
179 1259 295 1316 boetius.
332 1261 413 1315 Male.
433 1292 467 1304 -
502 1262 580 1316 mom
593 1271 719 1332 propter,
745 1271 780 1316 ut
800 1262 886 1334 paulo
914 1271 981 1333 post
1005 1264 1063 1318 iter
1078 1263 1170 1316 iusto.
1200 1263 1246 1318 ct.

31 1331 93 1386 lod
112 1333 166 1386 111.
185 1351 214 1387 v.
232 1331 461 1401 Praepositioaee
478 1351 524 1388 nr.
544 1339 568 1390 1.
584 1367 618 1378 -
644 1335 690 1388 oui
706 1341 788 1404 caput
805 1335 835 1390 ia
853 1350 937 1388 crure
955 1340 1042 1388 esset.-
1060 1334 1248 1402 „subiuncti-

29 1421 82 1456 vus
100 1405 214 1474 positus
233 1411 286 1470 est,
305 1412 338 1456 ut
355 1404 460 1460 relatio
478 1421 512 1460 ao
528 1406 677 1476 persuasio
696 1423 808 1472 eorum,
826 1406 877 1477 qui
894 1405 979 1476 prodi
1002 1407 1062 1460 'um
1076 1407 1128 1460 vol
1150 1407 1246 1472 abant,

29 1474 204 1530 declaretur.
240 1475 596 1533 Germanioeoonvertese
629 1476 690 1530 dae
713 1477 781 1532 den
806 1421 1100 1549 KopiamIleine
1127 1425 1150 1532 I

29 1546 151 1602 sollte.
159 1545 180 1576 “
197 1547 300 1600 aester.
320 1575 352 1586 -
390 1547 559 1618 smtaques
578 1549 610 1602 in
626 1549 683 1603 MS.
702 1549 784 1603 Harl.
820 1549 933 1606 secuta.
953 1580 987 1594 -
1023 1549 1089 1619 puio
1110 1547 1142 1603 in
1164 1554 1247 1604 utero
1291 1569 1295 1576 ·

28 1634 189 1686 represeum
206 1617 265 1672 eit.-
282 1619 371 1688 „quia
388 1621 550 1744 caputium
568 1621 601 1674 in
618 1627 714 1674 utero.
726 1620 790 1674 loco
815 1636 865 1674 suo
890 1627 1001 1674 motum
1026 1628 1056 1674 et
1078 1629 1159 1674 retro
1177 1637 1248 1674 ver·

28 1707 91 1744 eum
111 1692 160 1755 sit,
179 1695 214 1742 ut
231 1707 297 1744 oum
315 1707 402 1744 crure
439 1709 534 1745 emum
552 1691 712 1763 prodierim
735 1691 863 1759 brevius,
882 1691 950 1762 qnia
968 1698 1056 1762 caput
1073 1697 1246 1762 corruptum

28 1778 60 1814 ac
77 1763 217 1815 vitiatum
237 1762 284 1815 sit.
303 1759 403 1816 Omnis
418 1764 492 1830 fetus
509 1778 702 1831 repressae
719 1770 887 1832 exososque
903 1763 955 1826 llos
971 1762 1025 1816 siti
1042 1764 1146 1816 veterio
1162 1762 1246 1816 uber-

28 1833 96 1886 totie
113 1833 228 1888 exaruit
252 1831 313 1887 Cio.
339 1833 420 1887 Brut.
447 1850 471 1888 c.
490 1833 535 1888 4.“
558 1829 628 1887 arri.
649 1860 683 1874 ·-
716 1841 767 1888 cett
784 1833 841 1888 iter
857 1834 938 1888 iusta
956 1834 1065 1888 editum
1081 1835 1134 1887 eit:
1166 1833 1246 1901 „Vel

27 1909 54 1956 et
72 1904 231 1980 legendum
248 1905 297 1960 vel
315 1912 363 1958 aut
381 1922 437 1976 pro
455 1911 483 1958 et
500 1905 709 1976 accipiendum.
746 1907 877 1959 Muretus
903 1904 953 1959 vel
974 1912 1006 1958 ot
1026 1903 1077 1958 vel
1100 1905 1165 1974 quio
1189 1920 1246 1958 oon

27 1977 57 2030 io
74 1983 157 2030 utero
175 1991 335 2044 repressam
357 1975 542 2032 scribendum
569 1977 711 2032 censebat.
755 1975 834 2030 lllud
859 1983 889 2030 et
912 1976 1009 2047 ipsum
1032 1983 1157 2041 rectum,
1184 1992 1246 2029 non

27 2046 94 2113 hoo,
112 2046 191 2118 qnod
207 2047 357 2102 Broterius
374 2047 445 2102 adeo
464 2048 496 2101 in
513 2055 626 2102 textum
644 2048 775 2120 recepit:
808 2065 876 2100 nam
900 2045 954 2100 iter
977 2049 1057 2102 tarto
1075 2047 1180 2100 editum
1197 2063 1246 2100 re-

26 2121 125 2172 fertur
142 2119 305 2173 necessario
324 2120 359 2173 ad
376 2118 502 2174 alterum
518 2120 680 2174 membrum
704 2134 791 2190 neque
808 2121 957 2185 occultem,-
984 2119 1067 2190 prius
1091 2119 1186 2194 igitur
1208 2117 1245 2171 ad

27 2207 81 2242 ooo
98 2191 231 2256 validum,
250 2189 286 2243 ad
303 2189 551 2259 imbecillitatem
584 2205 675 2262 quare
692 2191 810 2270 negatio
834 2191 933 2245 locum
950 2205 1010 2244 non
1027 2179 1145 2244 habet.“
1171 2189 1243 2244 Ero.
1274 2205 1278 2212 ·

25 2261 137 2328 „Immo
155 2268 206 2315 out
223 2259 380 2338 distinguit
398 2261 454 2318 duo
474 2271 620 2318 momenta
639 2261 768 2318 eiusdem
796 2263 841 2318 rei
866 2263 946 2316 inter
964 2279 994 2316 se
1012 2261 1143 2316 diversas
1176 2260 1245 2332 puio

25 2335 55 2388 in
71 2339 156 2388 utero
174 2348 334 2401 repressum
352 2339 401 2387 aot
419 2333 474 2387 iter
493 2333 576 2390 iuxta
595 2334 700 2389 editum
718 2335 765 2401 eit,
783 2332 813 2388 h.
834 2352 858 2388 e.
884 2335 954 2406 quia
976 2341 1006 2387 et
1030 2334 1062 2386 in
1084 2340 1168 2387 utero
1196 2350 1245 2388 re-

25 2423 157 2474 pressum
184 2412 214 2459 et
241 2404 298 2458 iter
322 2404 403 2458 iuxta
429 2405 539 2460 editum
564 2407 657 2462 sits.
676 2402 756 2472 adl,
776 2408 821 2470 lo,
840 2410 865 2461 l.
895 2403 1032 2460 Ceterum
1050 2405 1134 2474 prius
1152 2420 1244 2457 mem-

25 2476 111 2529 brum
128 2475 252 2545 respicit
275 2475 311 2528 ed
334 2474 422 2530 verbi
445 2492 499 2531 aon
516 2478 579 2544 fore
603 2476 737 2543 validum,
769 2477 914 2548 posterius
939 2473 976 2529 ad
994 2491 1080 2544 neque
1098 2476 1243 2530 mltum.

24 2547 152 2601 Verbum
170 2554 268 2600 autem
285 2562 445 2614 repressum
462 2547 600 2624 intellige
614 2549 649 2602 de
667 2550 758 2617 capite
775 2549 806 2600 in
823 2563 915 2613 crure,
934 2545 1082 2618 quoderat
1100 2545 1244 2601 indicium

25 2619 108 2671 irriti
126 2625 253 2672 conatus.
282 2617 326 2671 cf.
346 2622 373 2683 1,
391 2622 435 2676 ³8.
460 2619 605 2688 praesenti
629 2620 749 2675 duorum
769 2618 890 2672 militum
914 2616 1051 2688 supplicio
1065 2619 1179 2686 poclum
1196 2633 1244 2671 re-

21 2689 119 2758 pressi
142 2696 215 2744 eunt.
242 2686 269 2755 (l
282 2687 319 2748 )“
344 2687 450 2744 Woltd.
489 2690 629 2757 „Nullam
653 2691 739 2746 video
762 2689 975 2754 necessitatem,
1006 2705 1060 2742 our
1080 2686 1244 2742 membrum

24 2761 83 2813 iter
99 2759 183 2814 iusto
200 2761 309 2814 editum
326 2760 463 2816 sitverba
480 2778 565 2832 moue
584 2763 720 2834 occultum
738 2758 917 2816 solummodo
935 2760 1083 2831 respiciat.
1102 2759 1243 2835 intelligo

23 2831 138 2886 locum:
165 2847 220 2885 noo
237 2834 301 2899 fore
317 2833 439 2886 validum
459 2849 491 2886 ae
511 2852 543 2887 oe
560 2836 694 2888 occultum
715 2839 880 2906 propterea,
918 2831 995 2902 quod
1017 2833 1076 2884 iam
1099 2831 1133 2884 in
1157 2837 1243 2884 utero

24 2911 139 2958 motum
156 2903 222 2958 loco
241 2919 293 2956 suo
319 2900 379 2970 <sio
395 2912 477 2958 reete
523 2906 663 2974 rne'stius)
689 2905 785 2959 lucem
809 2903 927 2970 viderit,
961 2909 1011 2956 aut
1040 2903 1138 2968 etiam,
1165 2897 1244 2971 quod

23 2975 107 3030 iuxta
123 2975 204 3030 viam
224 2975 333 3030 editum
351 2973 399 3031 eit.
419 2973 463 3030 Cf.
481 2976 519 3032 ed
535 2977 605 3054 Agr.
623 2981 666 3034 18.
685 2975 770 3032 n.l.“
792 2972 901 3032 Wolcl.
918 2974 1031 3030 emend.
1049 2971 1113 3028 liv.
1131 2989 1160 3044 p.
1179 2975 1241 3030 18⁹.

430 3115 453 3174 0
471 3119 500 3174 A
517 3119 538 3172 Ρ
556 3117 583 3174 U
601 3117 627 3172 Τ
661 3119 833 3174 xnv111.

105 3225 230 3289 Ineunt
250 3225 370 3290 deinde
392 3227 601 3290 consulatum
623 3225 727 3289 Silius
747 3227 864 3290 Nerva
884 3226 1060 3291 etAtticue
1072 3225 1243 3304 Vestinus,

22 3327 81 3370 coe
105 3317 142 3372 ta
162 3311 263 3372 simul
285 3319 318 3372 et
345 3319 442 3373 aucta
469 3311 713 3386 coniuratione,
741 3312 776 3374 in
803 3329 899 3394 quam
925 3313 1080 3373 certatim
1108 3311 1244 3372 nomina

22 3389 62 3453 de
88 3399 187 3454 erant
205 3387 385 3473 senatores,
406 3393 523 3476 Eques,
544 3393 652 3472 miles,
674 3395 816 3455 feminae
837 3393 948 3468 etiam,
976 3413 1052 3454 oum
1073 3389 1151 3456 odio
1172 3391 1243 3456 Ne-

22 3475 130 3552 ronis,
157 3482 231 3538 tum
259 3479 375 3540 lavore
400 3477 437 3538 in
463 3475 499 3544 C.
521 3477 686 3542 Pisonem.
729 3477 761 3540 Is
783 3474 965 3558 Calpurnio
995 3495 1119 3563 genere
1144 3484 1241 3538 ortus

21 3577 60 3618 ac
98 3556 222 3620 multas
253 3559 463 3645 insignesque
500 3559 642 3623 familias
673 3568 815 3641 paterna
846 3559 1020 3623 nobilitate
1052 3561 1242 3642 complexus

21 3640 117 3702 claro
137 3638 228 3723 epod
247 3642 386 3728 vulgum
407 3661 545 3705 rumore
565 3652 640 3705 orat
659 3663 721 3725 per
741 3645 904 3706 virtutem
931 3651 990 3704 aut
1018 3644 1143 3728 species
1170 3643 1241 3705 vir-

21 3723 154 3784 tutibus
176 3725 310 3788 similes.
352 3723 503 3808 Namque
524 3725 711 3788 facundiam
733 3725 867 3788 tuendis
897 3726 1027 3788 civibus
1056 3724 1243 3802 exercebat,

21 3805 237 3893 largitionem
259 3805 417 3872 adversus
438 3809 571 3886 amicos,
600 3817 634 3871 et
661 3811 785 3894 ignotis
817 3829 947 3893 quoque
974 3809 1062 3871 comi
1089 3827 1243 3872 sermone

23 3897 55 3950 et
76 3907 271 3976 congressu.
298 3890 448 3954 Aderant
469 3894 570 3954 etiam
590 3894 744 3968 fortuita,
764 3911 886 3971 corpus
908 3911 1099 3975 procerum,
1121 3889 1242 3954 decora

21 3973 130 4036 iacies.
162 3971 227 4036 Sed
247 3975 367 4055 procul
388 3975 536 4060 gravitas
557 3995 691 4036 morum
711 3981 771 4036 aut
790 3976 1001 4057 voluptatum
1021 3973 1241 4058 parcimonia:

21 4055 154 4117 lenitati
176 4076 216 4119 ac
235 4057 500 4141 magnificentiae
526 4065 561 4119 et
581 4055 758 4141 aliquando
786 4059 866 4120 luxu
892 4057 1094 4120 indolebat.
1136 4054 1241 4138 quue

21 4139 177 4218 pluribus
198 4139 416 4221 probabatur,
445 4141 501 4222 qui
522 4141 559 4201 in
580 4147 673 4204 tanta
693 4141 857 4204 vitiorum
878 4139 975 4202 dulce
999 4139 1054 4202 ine
1074 4157 1240 4202 summum

20 4221 204 4305 imperium
225 4241 291 4284 non
312 4224 506 4286 restrictum
527 4241 590 4285 nec
608 4242 825 4306 perseverum
846 4223 976 4287 volunt·

94 4325 119 4379 l.
140 4321 173 4378 A.
192 4321 396 4388 sttuite-ea
413 4329 441 4380 et
460 4323 496 4379 M.
515 4321 631 4379 Atticae
653 4323 800 4382 Vestitum
819 4321 881 4394 „ita
897 4339 941 4395 ap.
961 4319 1112 4400 Phlegont.
1131 4318 1166 4376 de
1184 4321 1240 4376 mi·

1154 1476 1246 1531 uben
1313 1525 1323 1544 ,
1424 1493 1425 1542 j
