<?xml version="1.0" encoding="UTF-8"?>
<!DOCTYPE html PUBLIC "-//W3C//DTD XHTML 1.0 Transitional//EN"
    "http://www.w3.org/TR/xhtml1/DTD/xhtml1-transitional.dtd">
<html xmlns="http://www.w3.org/1999/xhtml" xml:lang="en" lang="en">
 <head>
  <title>
</title>
<meta http-equiv="Content-Type" content="text/html;charset=utf-8" />
  <meta name='ocr-system' content='tesseract 3.04.00' />
  <meta name='ocr-capabilities' content='ocr_page ocr_carea ocr_par ocr_line ocrx_word'/>
</head>
<body>
  <div class='ocr_page' id='page_1' title='image "./ccorneliitaciti26tacigoog_0297.png"; bbox 0 0 2854 4798; ppageno 0'>
   <div class='ocr_carea' id='block_1_1' title="bbox 189 205 1033 303">
    <p class='ocr_par' dir='ltr' id='par_1_1' title="bbox 189 205 1033 303">
     <span class='ocr_line' id='line_1_1' title="bbox 189 205 1033 303; baseline -0.012 -25"><span class='ocrx_word' id='word_1_1' title='bbox 189 208 252 278; x_wconf 84' lang='lat' dir='ltr'><strong><em>ree</em></strong></span> <span class='ocrx_word' id='word_1_2' title='bbox 329 206 336 230; x_wconf 76' lang='lat'><strong><em>‘</em></strong></span> <span class='ocrx_word' id='word_1_3' title='bbox 434 288 440 303; x_wconf 24' lang='grc' dir='ltr'>ι</span> <span class='ocrx_word' id='word_1_4' title='bbox 564 205 807 274; x_wconf 74' lang='lat' dir='ltr'><strong><em>euummor</em></strong></span> <span class='ocrx_word' id='word_1_5' title='bbox 833 205 918 272; x_wconf 78' lang='lat' dir='ltr'><strong><em>um.</em></strong></span> <span class='ocrx_word' id='word_1_6' title='bbox 940 205 1033 272; x_wconf 75' lang='lat' dir='ltr'><strong><em>xiv.</em></strong></span> 
     </span>
    </p>
   </div>
   <div class='ocr_carea' id='block_1_2' title="bbox 187 373 1394 879">
    <p class='ocr_par' dir='ltr' id='par_1_2' title="bbox 187 373 1394 879">
     <span class='ocr_line' id='line_1_2' title="bbox 187 373 1392 462; baseline 0.001 -20"><span class='ocrx_word' id='word_1_7' title='bbox 187 396 337 462; x_wconf 80' lang='lat' dir='ltr'><strong><em>procem</em></strong></span> <span class='ocrx_word' id='word_1_8' title='bbox 356 373 493 441; x_wconf 76' lang='lat' dir='ltr'><strong><em>Romani</em></strong></span> <span class='ocrx_word' id='word_1_9' title='bbox 512 377 617 458; x_wconf 88' lang='lat' dir='ltr'><strong><em>specie</em></strong></span> <span class='ocrx_word' id='word_1_10' title='bbox 636 379 813 450; x_wconf 88' lang='lat' dir='ltr'><strong><em>orationum</em></strong></span> <span class='ocrx_word' id='word_1_11' title='bbox 840 383 872 439; x_wconf 92' lang='lat' dir='ltr'><strong><em>et</em></strong></span> <span class='ocrx_word' id='word_1_12' title='bbox 893 377 1059 440; x_wconf 87' lang='lat' dir='ltr'><strong><em>canninurn</em></strong></span> <span class='ocrx_word' id='word_1_13' title='bbox 1088 395 1186 442; x_wconf 89' lang='lat' dir='ltr'><strong><em>scena</em></strong></span> <span class='ocrx_word' id='word_1_14' title='bbox 1209 375 1392 458; x_wconf 81' lang='lat' dir='ltr'><strong><em>polluentur.</em></strong></span> 
     </span>
     <span class='ocr_line' id='line_1_3' title="bbox 190 460 1394 544; baseline -0.001 -19"><span class='ocrx_word' id='word_1_15' title='bbox 190 463 278 536; x_wconf 83' lang='lat' dir='ltr'><strong><em>Quid</em></strong></span> <span class='ocrx_word' id='word_1_16' title='bbox 297 478 470 543; x_wconf 85' lang='lat' dir='ltr'><strong><em>superesse,</em></strong></span> <span class='ocrx_word' id='word_1_17' title='bbox 502 465 568 526; x_wconf 85' lang='lat' dir='ltr'><strong><em>nisi</em></strong></span> <span class='ocrx_word' id='word_1_18' title='bbox 587 470 625 523; x_wconf 93' lang='lat' dir='ltr'><strong><em>ut</em></strong></span> <span class='ocrx_word' id='word_1_19' title='bbox 647 481 782 542; x_wconf 90' lang='lat' dir='ltr'><strong><em>corporo</em></strong></span> <span class='ocrx_word' id='word_1_20' title='bbox 808 479 933 544; x_wconf 80' lang='lat' dir='ltr'><strong><em>qscoque</em></strong></span> <span class='ocrx_word' id='word_1_21' title='bbox 958 460 1078 523; x_wconf 85' lang='lat' dir='ltr'><strong><em>nudent</em></strong></span> <span class='ocrx_word' id='word_1_22' title='bbox 1106 469 1139 522; x_wconf 85' lang='lat' dir='ltr'><strong><em>et</em></strong></span> <span class='ocrx_word' id='word_1_23' title='bbox 1168 471 1292 524; x_wconf 86' lang='lat' dir='ltr'><strong><em>caestus</em></strong></span> <span class='ocrx_word' id='word_1_24' title='bbox 1317 464 1394 534; x_wconf 71' lang='lat' dir='ltr'><strong><em>usal</em></strong></span> 
     </span>
     <span class='ocr_line' id='line_1_4' title="bbox 189 539 1394 628; baseline -0.004 -19"><span class='ocrx_word' id='word_1_25' title='bbox 189 555 277 610; x_wconf 89' lang='lat' dir='ltr'><strong><em>mant</em></strong></span> <span class='ocrx_word' id='word_1_26' title='bbox 298 563 412 628; x_wconf 83' lang='lat' dir='ltr'><strong><em>easque</em></strong></span> <span class='ocrx_word' id='word_1_27' title='bbox 430 563 558 626; x_wconf 80' lang='lat' dir='ltr'><strong><em>pugnas</em></strong></span> <span class='ocrx_word' id='word_1_28' title='bbox 572 563 638 626; x_wconf 82' lang='lat' dir='ltr'><strong><em>pro</em></strong></span> <span class='ocrx_word' id='word_1_29' title='bbox 658 544 774 608; x_wconf 85' lang='lat' dir='ltr'><strong><em>militia</em></strong></span> <span class='ocrx_word' id='word_1_30' title='bbox 795 555 828 608; x_wconf 88' lang='lat' dir='ltr'><strong><em>et</em></strong></span> <span class='ocrx_word' id='word_1_31' title='bbox 848 547 945 608; x_wconf 85' lang='lat' dir='ltr'><strong><em>armis</em></strong></span> <span class='ocrx_word' id='word_1_32' title='bbox 965 543 1178 608; x_wconf 72' lang='lat' dir='ltr'><strong><em>meditentur!</em></strong></span> <span class='ocrx_word' id='word_1_33' title='bbox 1211 539 1266 608; x_wconf 84' lang='lat' dir='ltr'><strong><em>An</em></strong></span> <span class='ocrx_word' id='word_1_34' title='bbox 1285 545 1394 610; x_wconf 72' lang='lat' dir='ltr'><strong><em>iustitil</em></strong></span> 
     </span>
     <span class='ocr_line' id='line_1_5' title="bbox 189 627 1394 712; baseline 0 -20"><span class='ocrx_word' id='word_1_35' title='bbox 189 649 238 692; x_wconf 86' lang='lat' dir='ltr'><strong><em>am</em></strong></span> <span class='ocrx_word' id='word_1_36' title='bbox 260 631 395 712; x_wconf 79' lang='lat' dir='ltr'><strong><em>augurii</em></strong></span> <span class='ocrx_word' id='word_1_37' title='bbox 417 637 448 692; x_wconf 96' lang='lat' dir='ltr'><strong><em>et</em></strong></span> <span class='ocrx_word' id='word_1_38' title='bbox 470 629 618 693; x_wconf 82' lang='lat' dir='ltr'><strong><em>decurias</em></strong></span> <span class='ocrx_word' id='word_1_39' title='bbox 637 627 801 712; x_wconf 81' lang='lat' dir='ltr'><strong><em>Equitum,</em></strong></span> <span class='ocrx_word' id='word_1_40' title='bbox 828 631 991 712; x_wconf 84' lang='lat' dir='ltr'><strong><em>egregium</em></strong></span> <span class='ocrx_word' id='word_1_41' title='bbox 1012 628 1183 692; x_wconf 87' lang='lat' dir='ltr'><strong><em>iudicandi</em></strong></span> <span class='ocrx_word' id='word_1_42' title='bbox 1209 645 1325 706; x_wconf 76' lang='lat' dir='ltr'><strong><em>manus,</em></strong></span> <span class='ocrx_word' id='word_1_43' title='bbox 1348 628 1394 692; x_wconf 66' lang='lat' dir='ltr'><strong><em>ecl</em></strong></span> 
     </span>
     <span class='ocr_line' id='line_1_6' title="bbox 187 689 1394 796; baseline 0.003 -20"><span class='ocrx_word' id='word_1_44' title='bbox 187 714 345 796; x_wconf 87' lang='lat' dir='ltr'><strong><em>pieturos,</em></strong></span> <span class='ocrx_word' id='word_1_45' title='bbox 367 714 397 777; x_wconf 87' lang='lat' dir='ltr'><strong><em>ei</em></strong></span> <span class='ocrx_word' id='word_1_46' title='bbox 417 712 545 792; x_wconf 72' lang='lat' dir='ltr'><strong><em>fractos</em></strong></span> <span class='ocrx_word' id='word_1_47' title='bbox 566 732 662 776; x_wconf 86' lang='lat' dir='ltr'><strong><em>sonos</em></strong></span> <span class='ocrx_word' id='word_1_48' title='bbox 682 723 714 774; x_wconf 88' lang='lat' dir='ltr'><strong><em>et</em></strong></span> <span class='ocrx_word' id='word_1_49' title='bbox 735 710 928 776; x_wconf 80' lang='lat' dir='ltr'><strong><em>dulcedinem</em></strong></span> <span class='ocrx_word' id='word_1_50' title='bbox 955 729 1062 774; x_wconf 89' lang='lat' dir='ltr'><strong><em>uocum</em></strong></span> <span class='ocrx_word' id='word_1_51' title='bbox 1088 715 1200 792; x_wconf 86' lang='lat' dir='ltr'><strong><em>perite</em></strong></span> <span class='ocrx_word' id='word_1_52' title='bbox 1225 689 1394 780; x_wconf 76' lang='lat' dir='ltr'><strong><em>audissentl</em></strong></span> 
     </span>
     <span class='ocr_line' id='line_1_7' title="bbox 190 796 1392 879; baseline -0.003 -17"><span class='ocrx_word' id='word_1_53' title='bbox 190 798 312 862; x_wconf 84' lang='lat' dir='ltr'><strong><em>Noctes</em></strong></span> <span class='ocrx_word' id='word_1_54' title='bbox 338 815 462 879; x_wconf 89' lang='lat' dir='ltr'><strong><em>quoque</em></strong></span> <span class='ocrx_word' id='word_1_55' title='bbox 489 797 637 860; x_wconf 78' lang='lat' dir='ltr'><strong><em>dedecori</em></strong></span> <span class='ocrx_word' id='word_1_56' title='bbox 657 797 813 874; x_wconf 86' lang='lat' dir='ltr'><strong><em>adiectas,</em></strong></span> <span class='ocrx_word' id='word_1_57' title='bbox 848 816 888 858; x_wconf 89' lang='lat' dir='ltr'><strong><em>ne</em></strong></span> <span class='ocrx_word' id='word_1_58' title='bbox 908 797 995 877; x_wconf 89' lang='lat' dir='ltr'><strong><em>quod</em></strong></span> <span class='ocrx_word' id='word_1_59' title='bbox 1022 805 1144 876; x_wconf 88' lang='lat' dir='ltr'><strong><em>tempus</em></strong></span> <span class='ocrx_word' id='word_1_60' title='bbox 1170 796 1286 876; x_wconf 85' lang='lat' dir='ltr'><strong><em>pudori</em></strong></span> <span class='ocrx_word' id='word_1_61' title='bbox 1313 798 1392 860; x_wconf 85' lang='lat' dir='ltr'><strong><em>relin-</em></strong></span> 
     </span>
    </p>
   </div>
   <div class='ocr_carea' id='block_1_3' title="bbox 190 879 1395 1046">
    <p class='ocr_par' dir='ltr' id='par_1_3' title="bbox 190 879 1395 1046">
     <span class='ocr_line' id='line_1_8' title="bbox 190 879 1395 970; baseline 0.002 -27"><span class='ocrx_word' id='word_1_62' title='bbox 190 890 321 970; x_wconf 74' lang='lat' dir='ltr'><strong><em>quatur,</em></strong></span> <span class='ocrx_word' id='word_1_63' title='bbox 343 880 400 944; x_wconf 89' lang='lat' dir='ltr'><strong><em>sed</em></strong></span> <span class='ocrx_word' id='word_1_64' title='bbox 420 891 512 942; x_wconf 90' lang='lat' dir='ltr'><strong><em>coetu</em></strong></span> <span class='ocrx_word' id='word_1_65' title='bbox 531 883 721 962; x_wconf 84' lang='lat' dir='ltr'><strong><em>promiscuo,</em></strong></span> <span class='ocrx_word' id='word_1_66' title='bbox 743 879 830 961; x_wconf 91' lang='lat' dir='ltr'><strong><em>quod</em></strong></span> <span class='ocrx_word' id='word_1_67' title='bbox 846 880 1083 962; x_wconf 84' lang='lat' dir='ltr'><strong><em>perditissimus</em></strong></span> <span class='ocrx_word' id='word_1_68' title='bbox 1099 881 1237 962; x_wconf 85' lang='lat' dir='ltr'><strong><em>quisque</em></strong></span> <span class='ocrx_word' id='word_1_69' title='bbox 1254 897 1310 960; x_wconf 89' lang='lat' dir='ltr'><strong><em>per</em></strong></span> <span class='ocrx_word' id='word_1_70' title='bbox 1327 881 1395 950; x_wconf 80' lang='lat' dir='ltr'><strong><em>dien</em></strong></span> 
     </span>
     <span class='ocr_line' id='line_1_9' title="bbox 192 962 829 1046; baseline -0.003 -18"><span class='ocrx_word' id='word_1_71' title='bbox 192 965 422 1046; x_wconf 80' lang='lat' dir='ltr'><strong><em>concupiverit,</em></strong></span> <span class='ocrx_word' id='word_1_72' title='bbox 440 983 500 1044; x_wconf 89' lang='lat' dir='ltr'><strong><em>per</em></strong></span> <span class='ocrx_word' id='word_1_73' title='bbox 528 962 675 1026; x_wconf 76' lang='lat' dir='ltr'><strong><em>tenebras</em></strong></span> <span class='ocrx_word' id='word_1_74' title='bbox 702 963 829 1026; x_wconf 89' lang='lat' dir='ltr'><strong><em>audeat.</em></strong></span> 
     </span>
    </p>
   </div>
   <div class='ocr_carea' id='block_1_4' title="bbox 191 1042 1391 1244">
    <p class='ocr_par' dir='ltr' id='par_1_4' title="bbox 191 1042 1391 1244">
     <span class='ocr_line' id='line_1_10' title="bbox 264 1042 1391 1116; baseline -0.003 -14"><span class='ocrx_word' id='word_1_75' title='bbox 264 1053 287 1102; x_wconf 92' lang='lat' dir='ltr'><strong><em>l.</em></strong></span> <span class='ocrx_word' id='word_1_76' title='bbox 306 1047 420 1102; x_wconf 79' lang='lat' dir='ltr'><strong><em>Nerone</em></strong></span> <span class='ocrx_word' id='word_1_77' title='bbox 436 1053 576 1116; x_wconf 69' lang='lat' dir='ltr'><strong><em>prumam,</em></strong></span> <span class='ocrx_word' id='word_1_78' title='bbox 596 1045 730 1100; x_wconf 78' lang='lat' dir='ltr'><strong><em>Cornelio</em></strong></span> <span class='ocrx_word' id='word_1_79' title='bbox 748 1042 873 1100; x_wconf 78' lang='lat' dir='ltr'><strong><em>Lentulo</em></strong></span> <span class='ocrx_word' id='word_1_80' title='bbox 892 1043 981 1114; x_wconf 81' lang='lat' dir='ltr'><strong><em>cosso</em></strong></span> <span class='ocrx_word' id='word_1_81' title='bbox 999 1061 1069 1098; x_wconf 89' lang='lat' dir='ltr'><strong><em>coss.</em></strong></span> <span class='ocrx_word' id='word_1_82' title='bbox 1095 1059 1224 1116; x_wconf 73' lang='lat' dir='ltr'><strong><em>quorem</em></strong></span> <span class='ocrx_word' id='word_1_83' title='bbox 1241 1059 1309 1099; x_wconf 81' lang='lat' dir='ltr'><strong><em>coes.</em></strong></span> <span class='ocrx_word' id='word_1_84' title='bbox 1326 1063 1391 1099; x_wconf 87' lang='lat' dir='ltr'><strong><em>men·</em></strong></span> 
     </span>
     <span class='ocr_line' id='line_1_11' title="bbox 191 1117 1390 1244; baseline -0.001 -71"><span class='ocrx_word' id='word_1_85' title='bbox 191 1117 235 1174; x_wconf 84' lang='lat' dir='ltr'><strong><em>tio</em></strong></span> <span class='ocrx_word' id='word_1_86' title='bbox 253 1136 299 1244; x_wconf 65' lang='grc' dir='ltr'><strong><em>Ἣ.</em></strong></span> <span class='ocrx_word' id='word_1_87' title='bbox 317 1119 451 1172; x_wconf 85' lang='lat' dir='ltr'><strong><em>Frontin.</em></strong></span> <span class='ocrx_word' id='word_1_88' title='bbox 480 1120 516 1173; x_wconf 89' lang='lat' dir='ltr'><strong><em>de</em></strong></span> <span class='ocrx_word' id='word_1_89' title='bbox 539 1118 655 1190; x_wconf 87' lang='lat' dir='ltr'><strong><em>equeed.</em></strong></span> <span class='ocrx_word' id='word_1_90' title='bbox 674 1119 701 1173; x_wconf 85' lang='grc'><strong>7.</strong></span> <span class='ocrx_word' id='word_1_91' title='bbox 727 1117 760 1171; x_wconf 90' lang='lat' dir='ltr'><strong><em>in</em></strong></span> <span class='ocrx_word' id='word_1_92' title='bbox 786 1117 921 1186; x_wconf 81' lang='lat' dir='ltr'><strong><em>inscript.</em></strong></span> <span class='ocrx_word' id='word_1_93' title='bbox 947 1133 992 1188; x_wconf 86' lang='lat' dir='ltr'><strong><em>sp.</em></strong></span> <span class='ocrx_word' id='word_1_94' title='bbox 1012 1117 1098 1170; x_wconf 88' lang='lat' dir='ltr'><strong><em>Grut.</em></strong></span> <span class='ocrx_word' id='word_1_95' title='bbox 1113 1135 1148 1240; x_wconf 64' lang='lat' dir='ltr'><strong><em>q:</em></strong></span> <span class='ocrx_word' id='word_1_96' title='bbox 1167 1119 1196 1184; x_wconf 81' lang='grc'><strong><em>8,</em></strong></span> <span class='ocrx_word' id='word_1_97' title='bbox 1213 1118 1239 1172; x_wconf 78' lang='grc' dir='ltr'><strong><em>ὅ.</em></strong></span> <span class='ocrx_word' id='word_1_98' title='bbox 1258 1124 1287 1170; x_wconf 91' lang='lat' dir='ltr'><strong><em>et</em></strong></span> <span class='ocrx_word' id='word_1_99' title='bbox 1302 1118 1330 1171; x_wconf 89' lang='lat' dir='ltr'><strong><em>in</em></strong></span> <span class='ocrx_word' id='word_1_100' title='bbox 1345 1118 1390 1172; x_wconf 82' lang='lat' dir='ltr'><strong><em>slis</em></strong></span> 
     </span>
    </p>
   </div>
   <div class='ocr_carea' id='block_1_5' title="bbox 183 1187 1389 4404">
    <p class='ocr_par' dir='ltr' id='par_1_5' title="bbox 190 1187 1389 2550">
     <span class='ocr_line' id='line_1_12' title="bbox 192 1187 1389 1262; baseline -0.002 -18"><span class='ocrx_word' id='word_1_101' title='bbox 192 1207 207 1244; x_wconf 87' lang='lat' dir='ltr'><strong><em>s</em></strong></span> <span class='ocrx_word' id='word_1_102' title='bbox 231 1233 237 1247; x_wconf 93' lang='lat'><strong><em>.</em></strong></span> <span class='ocrx_word' id='word_1_103' title='bbox 292 1189 360 1262; x_wconf 80' lang='lat' dir='ltr'><strong><em>yck.</em></strong></span> <span class='ocrx_word' id='word_1_104' title='bbox 397 1190 433 1243; x_wconf 91' lang='lat' dir='ltr'><strong><em>ln</em></strong></span> <span class='ocrx_word' id='word_1_105' title='bbox 459 1199 582 1262; x_wconf 86' lang='lat' dir='ltr'><strong><em>utraque</em></strong></span> <span class='ocrx_word' id='word_1_106' title='bbox 605 1191 695 1243; x_wconf 85' lang='lat' dir='ltr'><strong><em>insor.</em></strong></span> <span class='ocrx_word' id='word_1_107' title='bbox 719 1188 823 1243; x_wconf 81' lang='lat' dir='ltr'><strong><em>Cossus</em></strong></span> <span class='ocrx_word' id='word_1_108' title='bbox 851 1187 954 1241; x_wconf 84' lang='lat' dir='ltr'><strong><em>consul</em></strong></span> <span class='ocrx_word' id='word_1_109' title='bbox 980 1187 1062 1242; x_wconf 75' lang='lat' dir='ltr'><strong><em>cossi</em></strong></span> <span class='ocrx_word' id='word_1_110' title='bbox 1091 1190 1111 1255; x_wconf 76' lang='lat' dir='ltr'><strong><em>qi</em></strong></span> <span class='ocrx_word' id='word_1_111' title='bbox 1137 1203 1170 1240; x_wconf 91' lang='lat' dir='ltr'><strong><em>us</em></strong></span> <span class='ocrx_word' id='word_1_112' title='bbox 1198 1188 1313 1254; x_wconf 84' lang='lat' dir='ltr'><strong><em>dicitur,</em></strong></span> <span class='ocrx_word' id='word_1_113' title='bbox 1340 1189 1389 1242; x_wconf 85' lang='lat' dir='ltr'><strong><em>scil.</em></strong></span> 
     </span>
     <span class='ocr_line' id='line_1_13' title="bbox 193 1209 1389 1332; baseline -0.002 -16"><span class='ocrx_word' id='word_1_114' title='bbox 193 1209 285 1328; x_wconf 55' lang='lat' dir='ltr'><strong><em>(lessi,</em></strong></span> <span class='ocrx_word' id='word_1_115' title='bbox 305 1261 339 1317; x_wconf 86' lang='lat' dir='ltr'><strong><em>de</em></strong></span> <span class='ocrx_word' id='word_1_116' title='bbox 358 1278 415 1332; x_wconf 90' lang='lat' dir='ltr'><strong><em>quo</em></strong></span> <span class='ocrx_word' id='word_1_117' title='bbox 433 1278 461 1318; x_wconf 79' lang='lat' dir='ltr'><strong><em>v.</em></strong></span> <span class='ocrx_word' id='word_1_118' title='bbox 481 1261 517 1315; x_wconf 83' lang='lat' dir='ltr'><strong><em>od</em></strong></span> <span class='ocrx_word' id='word_1_119' title='bbox 534 1267 560 1329; x_wconf 89' lang='grc'><strong><em>4,</em></strong></span> <span class='ocrx_word' id='word_1_120' title='bbox 579 1264 624 1326; x_wconf 75' lang='lat' dir='ltr'><strong><em>et,</em></strong></span> <span class='ocrx_word' id='word_1_121' title='bbox 643 1266 668 1318; x_wconf 92' lang='lat' dir='ltr'><strong><em>l.</em></strong></span> <span class='ocrx_word' id='word_1_122' title='bbox 705 1265 806 1330; x_wconf 86' lang='lat' dir='ltr'><strong><em>quarto</em></strong></span> <span class='ocrx_word' id='word_1_123' title='bbox 832 1256 890 1314; x_wconf 81' lang='lat' dir='ltr'><strong><em>MS.</em></strong></span> <span class='ocrx_word' id='word_1_124' title='bbox 914 1257 995 1316; x_wconf 75' lang='lat' dir='ltr'><strong><em>Flor.</em></strong></span> <span class='ocrx_word' id='word_1_125' title='bbox 1020 1267 1049 1313; x_wconf 88' lang='lat' dir='ltr'><strong><em>et</em></strong></span> <span class='ocrx_word' id='word_1_126' title='bbox 1074 1259 1120 1313; x_wconf 89' lang='lat' dir='ltr'><strong><em>ed.</em></strong></span> <span class='ocrx_word' id='word_1_127' title='bbox 1146 1259 1224 1330; x_wconf 83' lang='lat' dir='ltr'><strong><em>Spir.</em></strong></span> <span class='ocrx_word' id='word_1_128' title='bbox 1251 1257 1292 1312; x_wconf 82' lang='lat' dir='ltr'><strong><em>Gt.</em></strong></span> <span class='ocrx_word' id='word_1_129' title='bbox 1310 1259 1340 1312; x_wconf 82' lang='lat' dir='ltr'><strong><em>ed</em></strong></span> <span class='ocrx_word' id='word_1_130' title='bbox 1355 1263 1389 1326; x_wconf 79' lang='lat' dir='ltr'><strong><em>li,</em></strong></span> 
     </span>
     <span class='ocr_line' id='line_1_14' title="bbox 192 1329 1389 1416; baseline -0.004 -27"><span class='ocrx_word' id='word_1_131' title='bbox 192 1335 236 1389; x_wconf 84' lang='lat' dir='ltr'><strong><em>et.</em></strong></span> <span class='ocrx_word' id='word_1_132' title='bbox 257 1334 352 1416; x_wconf 86' lang='lat' dir='ltr'><strong><em>princ.</em></strong></span> <span class='ocrx_word' id='word_1_133' title='bbox 379 1363 411 1376; x_wconf 89' lang='lat'>-</span> <span class='ocrx_word' id='word_1_134' title='bbox 448 1331 650 1401; x_wconf 77' lang='lat' dir='ltr'><strong><em>quinquennale</em></strong></span> <span class='ocrx_word' id='word_1_135' title='bbox 677 1331 817 1387; x_wconf 84' lang='lat' dir='ltr'><strong><em>ludicrum</em></strong></span> <span class='ocrx_word' id='word_1_136' title='bbox 844 1329 904 1394; x_wconf 81' lang='lat' dir='ltr'><strong><em>(lo,</em></strong></span> <span class='ocrx_word' id='word_1_137' title='bbox 921 1333 948 1386; x_wconf 82' lang='grc'><strong><em>4.</em></strong></span> <span class='ocrx_word' id='word_1_138' title='bbox 978 1331 1097 1384; x_wconf 85' lang='lat' dir='ltr'><strong><em>lustrale</em></strong></span> <span class='ocrx_word' id='word_1_139' title='bbox 1125 1331 1274 1392; x_wconf 87' lang='lat' dir='ltr'><strong><em>certamen)</em></strong></span> <span class='ocrx_word' id='word_1_140' title='bbox 1304 1331 1389 1384; x_wconf 79' lang='lat' dir='ltr'><strong><em>Romae</em></strong></span> 
     </span>
     <span class='ocr_line' id='line_1_15' title="bbox 193 1400 1389 1473; baseline -0.003 -15"><span class='ocrx_word' id='word_1_141' title='bbox 193 1405 359 1459; x_wconf 77' lang='lat' dir='ltr'><strong><em>institutum</em></strong></span> <span class='ocrx_word' id='word_1_142' title='bbox 383 1409 423 1458; x_wconf 89' lang='lat' dir='ltr'><strong><em>est</em></strong></span> <span class='ocrx_word' id='word_1_143' title='bbox 447 1422 464 1458; x_wconf 82' lang='lat' dir='ltr'><strong><em>s</em></strong></span> <span class='ocrx_word' id='word_1_144' title='bbox 490 1405 606 1459; x_wconf 86' lang='lat' dir='ltr'><strong><em>Nerone</em></strong></span> <span class='ocrx_word' id='word_1_145' title='bbox 634 1404 672 1457; x_wconf 93' lang='lat' dir='ltr'><strong><em>ad</em></strong></span> <span class='ocrx_word' id='word_1_146' title='bbox 694 1418 795 1456; x_wconf 85' lang='lat' dir='ltr'><strong><em>rnorem</em></strong></span> <span class='ocrx_word' id='word_1_147' title='bbox 820 1400 925 1455; x_wconf 83' lang='lat' dir='ltr'><strong><em>Graeci</em></strong></span> <span class='ocrx_word' id='word_1_148' title='bbox 950 1403 1129 1468; x_wconf 73' lang='lat' dir='ltr'><strong><em>certaminis,</em></strong></span> <span class='ocrx_word' id='word_1_149' title='bbox 1157 1400 1235 1473; x_wconf 88' lang='lat' dir='ltr'><strong><em>quod</em></strong></span> <span class='ocrx_word' id='word_1_150' title='bbox 1251 1402 1285 1454; x_wconf 90' lang='lat' dir='ltr'><strong><em>de</em></strong></span> <span class='ocrx_word' id='word_1_151' title='bbox 1301 1403 1354 1455; x_wconf 86' lang='lat' dir='ltr'><strong><em>rito</em></strong></span> <span class='ocrx_word' id='word_1_152' title='bbox 1368 1409 1389 1454; x_wconf 87' lang='lat' dir='ltr'><strong><em>et</em></strong></span> 
     </span>
     <span class='ocr_line' id='line_1_16' title="bbox 194 1471 1389 1562; baseline -0.003 -34"><span class='ocrx_word' id='word_1_153' title='bbox 194 1493 300 1554; x_wconf 74' lang='lat' dir='ltr'><strong><em>genere</em></strong></span> <span class='ocrx_word' id='word_1_154' title='bbox 318 1475 541 1562; x_wconf 45' lang='lat' dir='ltr'><strong><em>ludorum‚·non</em></strong></span> <span class='ocrx_word' id='word_1_155' title='bbox 560 1473 595 1528; x_wconf 86' lang='lat' dir='ltr'><strong><em>de</em></strong></span> <span class='ocrx_word' id='word_1_156' title='bbox 612 1481 743 1560; x_wconf 77' lang='lat' dir='ltr'><strong><em>temporo</em></strong></span> <span class='ocrx_word' id='word_1_157' title='bbox 761 1473 977 1544; x_wconf 79' lang='lat' dir='ltr'><strong><em>accipiendum:</em></strong></span> <span class='ocrx_word' id='word_1_158' title='bbox 1001 1491 1069 1528; x_wconf 87' lang='lat' dir='ltr'><strong><em>nam</em></strong></span> <span class='ocrx_word' id='word_1_159' title='bbox 1089 1481 1239 1558; x_wconf 71' lang='lat' dir='ltr'><strong><em>certamen</em></strong></span> <span class='ocrx_word' id='word_1_160' title='bbox 1254 1471 1306 1526; x_wconf 88' lang='lat' dir='ltr'><strong><em>hoc</em></strong></span> <span class='ocrx_word' id='word_1_161' title='bbox 1322 1475 1389 1543; x_wconf 86' lang='lat' dir='ltr'><strong><em>quin·</em></strong></span> 
     </span>
     <span class='ocr_line' id='line_1_17' title="bbox 193 1545 1388 1690; baseline -0.006 -17"><span class='ocrx_word' id='word_1_162' title='bbox 193 1546 384 1690; x_wconf 57' lang='grc' dir='ltr'><strong><em>66..ξῖῗέἒῖ</em></strong></span> <span class='ocrx_word' id='word_1_163' title='bbox 405 1545 1156 1676; x_wconf 55' lang='lat' dir='ltr'><strong><em>tte.tt.²tt².¹tt;.·t¹¹²..tt.‘tttt.¹:⁵5?</em></strong></span> <span class='ocrx_word' id='word_1_164' title='bbox 1175 1545 1388 1680; x_wconf 57' lang='lat' dir='ltr'><strong><em>ittet.</em></strong></span> 
     </span>
     <span class='ocr_line' id='line_1_18' title="bbox 192 1687 1386 1758; baseline -0.002 -16"><span class='ocrx_word' id='word_1_165' title='bbox 192 1691 232 1757; x_wconf 85' lang='grc'><strong><em>4,)</em></strong></span> <span class='ocrx_word' id='word_1_166' title='bbox 250 1705 309 1742; x_wconf 91' lang='lat' dir='ltr'><strong><em>non</em></strong></span> <span class='ocrx_word' id='word_1_167' title='bbox 327 1696 393 1743; x_wconf 89' lang='lat' dir='ltr'><strong><em>ante</em></strong></span> <span class='ocrx_word' id='word_1_168' title='bbox 409 1690 613 1758; x_wconf 87' lang='lat' dir='ltr'><strong><em>praestitutum</em></strong></span> <span class='ocrx_word' id='word_1_169' title='bbox 630 1689 706 1742; x_wconf 88' lang='lat' dir='ltr'><strong><em>diem</em></strong></span> <span class='ocrx_word' id='word_1_170' title='bbox 722 1695 890 1750; x_wconf 86' lang='lat' dir='ltr'><strong><em>reuocatum,</em></strong></span> <span class='ocrx_word' id='word_1_171' title='bbox 949 1688 987 1742; x_wconf 86' lang='lat' dir='ltr'><strong><em>od</em></strong></span> <span class='ocrx_word' id='word_1_172' title='bbox 1004 1688 1097 1741; x_wconf 87' lang='lat' dir='ltr'><strong><em>tradit</em></strong></span> <span class='ocrx_word' id='word_1_173' title='bbox 1116 1687 1196 1742; x_wconf 84' lang='lat' dir='ltr'><strong><em>Suet.</em></strong></span> <span class='ocrx_word' id='word_1_174' title='bbox 1215 1687 1283 1740; x_wconf 87' lang='lat' dir='ltr'><strong><em>Ner.</em></strong></span> <span class='ocrx_word' id='word_1_175' title='bbox 1300 1689 1336 1742; x_wconf 83' lang='lat' dir='ltr'><strong><em>u.</em></strong></span> <span class='ocrx_word' id='word_1_176' title='bbox 1351 1701 1386 1755; x_wconf 85' lang='lat' dir='ltr'><strong><em>qr.</em></strong></span> 
     </span>
     <span class='ocr_line' id='line_1_19' title="bbox 194 1757 1387 1836; baseline -0.004 -19"><span class='ocrx_word' id='word_1_177' title='bbox 194 1761 239 1817; x_wconf 84' lang='lat' dir='ltr'><strong><em>Gf.</em></strong></span> <span class='ocrx_word' id='word_1_178' title='bbox 260 1761 353 1818; x_wconf 79' lang='lat' dir='ltr'><strong><em>Potae.</em></strong></span> <span class='ocrx_word' id='word_1_179' title='bbox 380 1759 474 1814; x_wconf 83' lang='lat' dir='ltr'><strong><em>doctr.</em></strong></span> <span class='ocrx_word' id='word_1_180' title='bbox 499 1769 558 1815; x_wconf 90' lang='lat' dir='ltr'><strong><em>tem</em></strong></span> <span class='ocrx_word' id='word_1_181' title='bbox 582 1797 589 1812; x_wconf 90' lang='lat'><strong><em>.</em></strong></span> <span class='ocrx_word' id='word_1_182' title='bbox 618 1765 662 1826; x_wconf 90' lang='grc'><strong><em>11,</em></strong></span> <span class='ocrx_word' id='word_1_183' title='bbox 683 1760 724 1814; x_wconf 81' lang='grc'><strong><em>16.</em></strong></span> <span class='ocrx_word' id='word_1_184' title='bbox 752 1767 781 1814; x_wconf 88' lang='lat' dir='ltr'><strong><em>et</em></strong></span> <span class='ocrx_word' id='word_1_185' title='bbox 807 1761 888 1836; x_wconf 81' lang='lat' dir='ltr'><strong><em>Psgii</em></strong></span> <span class='ocrx_word' id='word_1_186' title='bbox 936 1761 986 1815; x_wconf 86' lang='lat' dir='ltr'><strong><em>rit.</em></strong></span> <span class='ocrx_word' id='word_1_187' title='bbox 1011 1759 1076 1816; x_wconf 84' lang='lat' dir='ltr'><strong><em>Bar.</em></strong></span> <span class='ocrx_word' id='word_1_188' title='bbox 1101 1757 1387 1826; x_wconf 64' lang='lat' dir='ltr'><strong><em>trunchetum</em></strong></span> 
     </span>
     <span class='ocr_line' id='line_1_20' title="bbox 193 1779 578 1887; baseline -0.003 -1"><span class='ocrx_word' id='word_1_189' title='bbox 193 1831 328 1886; x_wconf 82' lang='lat' dir='ltr'><strong><em>Tacitum</em></strong></span> <span class='ocrx_word' id='word_1_190' title='bbox 353 1832 514 1887; x_wconf 80' lang='lat' dir='ltr'><strong><em>defendunt</em></strong></span> <span class='ocrx_word' id='word_1_191' title='bbox 537 1779 578 1887; x_wconf 70' lang='lat' dir='ltr'><strong><em>ad</em></strong></span> 
     </span>
     <span class='ocr_line' id='line_1_21' title="bbox 193 1901 1386 1971; baseline -0.01 -9"><span class='ocrx_word' id='word_1_192' title='bbox 193 1907 255 1962; x_wconf 90' lang='grc'><strong>476.</strong></span> <span class='ocrx_word' id='word_1_193' title='bbox 292 1905 373 1960; x_wconf 82' lang='lat' dir='ltr'><strong><em>Idem</em></strong></span> <span class='ocrx_word' id='word_1_194' title='bbox 392 1904 547 1959; x_wconf 85' lang='lat' dir='ltr'><strong><em>Suetonius</em></strong></span> <span class='ocrx_word' id='word_1_195' title='bbox 565 1901 637 1956; x_wconf 86' lang='lat' dir='ltr'><strong><em>dicit</em></strong></span> <span class='ocrx_word' id='word_1_196' title='bbox 655 1902 727 1964; x_wconf 83' lang='lat' dir='ltr'><strong><em>Ner.</em></strong></span> <span class='ocrx_word' id='word_1_197' title='bbox 747 1919 772 1960; x_wconf 90' lang='lat' dir='ltr'><strong><em>c.</em></strong></span> <span class='ocrx_word' id='word_1_198' title='bbox 792 1905 834 1960; x_wconf 85' lang='grc'><strong>17.</strong></span> <span class='ocrx_word' id='word_1_199' title='bbox 860 1903 989 1958; x_wconf 87' lang='lat' dir='ltr'><strong><em>instituit</em></strong></span> <span class='ocrx_word' id='word_1_200' title='bbox 1008 1909 1035 1956; x_wconf 93' lang='lat' dir='ltr'><strong><em>et</em></strong></span> <span class='ocrx_word' id='word_1_201' title='bbox 1053 1901 1255 1971; x_wconf 72' lang='lat' dir='ltr'><strong><em>quinquennale</em></strong></span> <span class='ocrx_word' id='word_1_202' title='bbox 1271 1907 1386 1953; x_wconf 79' lang='lat' dir='ltr'><strong><em>certarnen</em></strong></span> 
     </span>
     <span class='ocr_line' id='line_1_22' title="bbox 190 1973 1386 2046; baseline -0.007 -18"><span class='ocrx_word' id='word_1_203' title='bbox 190 1975 301 2046; x_wconf 84' lang='lat' dir='ltr'><strong><em>primas</em></strong></span> <span class='ocrx_word' id='word_1_204' title='bbox 313 1976 436 2030; x_wconf 90' lang='lat' dir='ltr'><strong><em>omniurn</em></strong></span> <span class='ocrx_word' id='word_1_205' title='bbox 444 1975 549 2030; x_wconf 86' lang='lat' dir='ltr'><strong><em>Romae</em></strong></span> <span class='ocrx_word' id='word_1_206' title='bbox 567 1990 644 2028; x_wconf 84' lang='lat' dir='ltr'><strong><em>more</em></strong></span> <span class='ocrx_word' id='word_1_207' title='bbox 663 1974 771 2028; x_wconf 88' lang='lat' dir='ltr'><strong><em>Graeco</em></strong></span> <span class='ocrx_word' id='word_1_208' title='bbox 790 1975 905 2044; x_wconf 80' lang='lat' dir='ltr'><strong><em>triplex,</em></strong></span> <span class='ocrx_word' id='word_1_209' title='bbox 923 1975 1070 2038; x_wconf 89' lang='lat' dir='ltr'><strong><em>musicum,</em></strong></span> <span class='ocrx_word' id='word_1_210' title='bbox 1089 1973 1258 2043; x_wconf 66' lang='lat' dir='ltr'><strong><em>monicum,</em></strong></span> <span class='ocrx_word' id='word_1_211' title='bbox 1275 1977 1386 2038; x_wconf 72' lang='lat' dir='ltr'><strong><em>equestre,</em></strong></span> 
     </span>
     <span class='ocr_line' id='line_1_23' title="bbox 194 2041 1384 2117; baseline -0.007 -16"><span class='ocrx_word' id='word_1_212' title='bbox 194 2045 262 2114; x_wconf 77' lang='lat' dir='ltr'><strong><em>(nec</em></strong></span> <span class='ocrx_word' id='word_1_213' title='bbox 281 2063 340 2100; x_wconf 90' lang='lat' dir='ltr'><strong><em>non</em></strong></span> <span class='ocrx_word' id='word_1_214' title='bbox 359 2047 519 2100; x_wconf 81' lang='lat' dir='ltr'><strong><em>oratorium</em></strong></span> <span class='ocrx_word' id='word_1_215' title='bbox 560 2047 758 2116; x_wconf 71' lang='lat' dir='ltr'><strong><em>oetioumqueq</em></strong></span> <span class='ocrx_word' id='word_1_216' title='bbox 786 2047 824 2099; x_wconf 80' lang='lat' dir='ltr'><strong><em>cf.</em></strong></span> <span class='ocrx_word' id='word_1_217' title='bbox 844 2063 905 2117; x_wconf 87' lang='lat' dir='ltr'><strong><em>cap.</em></strong></span> <span class='ocrx_word' id='word_1_218' title='bbox 924 2047 984 2114; x_wconf 81' lang='grc'><strong>71.)</strong></span> <span class='ocrx_word' id='word_1_219' title='bbox 1008 2047 1083 2114; x_wconf 86' lang='lat' dir='ltr'><strong><em>quod</em></strong></span> <span class='ocrx_word' id='word_1_220' title='bbox 1110 2043 1261 2116; x_wconf 84' lang='lat' dir='ltr'><strong><em>appellauit</em></strong></span> <span class='ocrx_word' id='word_1_221' title='bbox 1277 2041 1384 2104; x_wconf 75' lang='lat' dir='ltr'><strong><em>Naont&#39;a,</em></strong></span> 
     </span>
     <span class='ocr_line' id='line_1_24' title="bbox 193 2114 1384 2188; baseline -0.007 -17"><span class='ocrx_word' id='word_1_222' title='bbox 193 2127 228 2171; x_wconf 93' lang='lat' dir='ltr'><strong><em>ut</em></strong></span> <span class='ocrx_word' id='word_1_223' title='bbox 245 2114 387 2188; x_wconf 79' lang='lat' dir='ltr'><strong><em>Nepuirua</em></strong></span> <span class='ocrx_word' id='word_1_224' title='bbox 411 2133 456 2188; x_wconf 83' lang='lat' dir='ltr'><strong><em>sp.</em></strong></span> <span class='ocrx_word' id='word_1_225' title='bbox 476 2118 531 2188; x_wconf 83' lang='lat' dir='ltr'><strong><em>xip</em></strong></span> <span class='ocrx_word' id='word_1_226' title='bbox 556 2117 587 2168; x_wconf 90' lang='lat' dir='ltr'><strong><em>&#39;l.</em></strong></span> <span class='ocrx_word' id='word_1_227' title='bbox 612 2120 658 2182; x_wconf 82' lang='lat' dir='ltr'><strong><em>ol,</em></strong></span> <span class='ocrx_word' id='word_1_228' title='bbox 676 2119 722 2173; x_wconf 82' lang='grc'><strong>71.</strong></span> <span class='ocrx_word' id='word_1_229' title='bbox 759 2115 915 2171; x_wconf 86' lang='lat' dir='ltr'><strong><em>Neroneum</em></strong></span> <span class='ocrx_word' id='word_1_230' title='bbox 936 2123 1077 2171; x_wconf 86' lang='lat' dir='ltr'><strong><em>certamen</em></strong></span> <span class='ocrx_word' id='word_1_231' title='bbox 1100 2122 1128 2169; x_wconf 88' lang='lat' dir='ltr'><strong><em>et</em></strong></span> <span class='ocrx_word' id='word_1_232' title='bbox 1150 2131 1243 2185; x_wconf 79' lang='lat' dir='ltr'><strong><em>agona</em></strong></span> <span class='ocrx_word' id='word_1_233' title='bbox 1263 2131 1303 2184; x_wconf 91' lang='lat' dir='ltr'><strong><em>ap.</em></strong></span> <span class='ocrx_word' id='word_1_234' title='bbox 1325 2114 1384 2167; x_wconf 85' lang='lat' dir='ltr'><strong><em>Suet</em></strong></span> 
     </span>
     <span class='ocr_line' id='line_1_25' title="bbox 194 2185 1385 2260; baseline -0.008 -18"><span class='ocrx_word' id='word_1_235' title='bbox 194 2191 228 2243; x_wconf 90' lang='lat' dir='ltr'><strong><em>in</em></strong></span> <span class='ocrx_word' id='word_1_236' title='bbox 245 2190 314 2242; x_wconf 87' lang='lat' dir='ltr'><strong><em>Ner.</em></strong></span> <span class='ocrx_word' id='word_1_237' title='bbox 334 2206 359 2242; x_wconf 91' lang='lat' dir='ltr'><strong><em>c.</em></strong></span> <span class='ocrx_word' id='word_1_238' title='bbox 378 2191 421 2243; x_wconf 83' lang='grc'><strong>71.</strong></span> <span class='ocrx_word' id='word_1_239' title='bbox 447 2195 477 2241; x_wconf 92' lang='lat' dir='ltr'><strong><em>et</em></strong></span> <span class='ocrx_word' id='word_1_240' title='bbox 500 2189 532 2241; x_wconf 92' lang='lat' dir='ltr'><strong><em>in</em></strong></span> <span class='ocrx_word' id='word_1_241' title='bbox 549 2187 650 2245; x_wconf 79' lang='lat' dir='ltr'><strong><em>vitell.</em></strong></span> <span class='ocrx_word' id='word_1_242' title='bbox 676 2205 701 2240; x_wconf 87' lang='lat' dir='ltr'><strong><em>c.</em></strong></span> <span class='ocrx_word' id='word_1_243' title='bbox 720 2190 748 2243; x_wconf 88' lang='grc'><strong><em>4.</em></strong></span> <span class='ocrx_word' id='word_1_244' title='bbox 773 2188 841 2242; x_wconf 80' lang='lat' dir='ltr'><strong><em>Post</em></strong></span> <span class='ocrx_word' id='word_1_245' title='bbox 863 2189 1010 2244; x_wconf 87' lang='lat' dir='ltr'><strong><em>Neronem</em></strong></span> <span class='ocrx_word' id='word_1_246' title='bbox 1032 2185 1250 2260; x_wconf 73' lang='lat' dir='ltr'><strong><em>quinquennale</em></strong></span> <span class='ocrx_word' id='word_1_247' title='bbox 1266 2192 1385 2238; x_wconf 75' lang='lat' dir='ltr'><strong><em>cemento</em></strong></span> 
     </span>
     <span class='ocr_line' id='line_1_26' title="bbox 195 2256 1384 2331; baseline -0.005 -15"><span class='ocrx_word' id='word_1_248' title='bbox 195 2262 305 2316; x_wconf 84' lang='lat' dir='ltr'><strong><em>Graeco</em></strong></span> <span class='ocrx_word' id='word_1_249' title='bbox 324 2275 406 2314; x_wconf 89' lang='lat' dir='ltr'><strong><em>more</em></strong></span> <span class='ocrx_word' id='word_1_250' title='bbox 425 2266 454 2312; x_wconf 88' lang='lat' dir='ltr'><strong><em>et</em></strong></span> <span class='ocrx_word' id='word_1_251' title='bbox 471 2256 572 2313; x_wconf 81' lang='lat' dir='ltr'><strong><em>lubitu</em></strong></span> <span class='ocrx_word' id='word_1_252' title='bbox 589 2257 755 2329; x_wconf 80' lang='lat' dir='ltr'><strong><em>Capitolino</em></strong></span> <span class='ocrx_word' id='word_1_253' title='bbox 774 2260 838 2321; x_wconf 86' lang='lat' dir='ltr'><strong><em>lori</em></strong></span> <span class='ocrx_word' id='word_1_254' title='bbox 855 2261 977 2330; x_wconf 81' lang='lat' dir='ltr'><strong><em>triplex,</em></strong></span> <span class='ocrx_word' id='word_1_255' title='bbox 996 2263 1152 2326; x_wconf 84' lang='lat' dir='ltr'><strong><em>musicum,</em></strong></span> <span class='ocrx_word' id='word_1_256' title='bbox 1171 2266 1304 2330; x_wconf 76' lang='lat' dir='ltr'><strong><em>equestre,</em></strong></span> <span class='ocrx_word' id='word_1_257' title='bbox 1320 2271 1384 2331; x_wconf 76' lang='lat' dir='ltr'><strong><em>gym-</em></strong></span> 
     </span>
     <span class='ocr_line' id='line_1_27' title="bbox 194 2328 1384 2404; baseline -0.008 -18"><span class='ocrx_word' id='word_1_258' title='bbox 194 2333 305 2398; x_wconf 84' lang='lat' dir='ltr'><strong><em>nicum,</em></strong></span> <span class='ocrx_word' id='word_1_259' title='bbox 323 2349 340 2384; x_wconf 84' lang='lat' dir='ltr'><strong><em>a</em></strong></span> <span class='ocrx_word' id='word_1_260' title='bbox 357 2330 523 2384; x_wconf 82' lang='lat' dir='ltr'><strong><em>Domitiana</em></strong></span> <span class='ocrx_word' id='word_1_261' title='bbox 548 2331 718 2384; x_wconf 86' lang='lat' dir='ltr'><strong><em>institutum</em></strong></span> <span class='ocrx_word' id='word_1_262' title='bbox 742 2338 772 2384; x_wconf 86' lang='lat' dir='ltr'><strong><em>et</em></strong></span> <span class='ocrx_word' id='word_1_263' title='bbox 796 2331 905 2385; x_wconf 82' lang='lat' dir='ltr'><strong><em>sirnilia</em></strong></span> <span class='ocrx_word' id='word_1_264' title='bbox 928 2333 962 2385; x_wconf 73' lang='lat' dir='ltr'><strong><em>air</em></strong></span> <span class='ocrx_word' id='word_1_265' title='bbox 980 2332 1046 2386; x_wconf 83' lang='lat' dir='ltr'><strong><em>aliis</em></strong></span> <span class='ocrx_word' id='word_1_266' title='bbox 1066 2329 1289 2404; x_wconf 71' lang='lat' dir='ltr'><strong><em>imperatoribus</em></strong></span> <span class='ocrx_word' id='word_1_267' title='bbox 1304 2328 1384 2380; x_wconf 80' lang='lat' dir='ltr'><strong><em>Romo·</em></strong></span> 
     </span>
     <span class='ocr_line' id='line_1_28' title="bbox 195 2399 1384 2520; baseline -0.006 -63"><span class='ocrx_word' id='word_1_268' title='bbox 195 2404 251 2459; x_wconf 87' lang='lat' dir='ltr'><strong><em>nis.</em></strong></span> <span class='ocrx_word' id='word_1_269' title='bbox 277 2420 306 2455; x_wconf 83' lang='lat' dir='ltr'><strong><em>v.</em></strong></span> <span class='ocrx_word' id='word_1_270' title='bbox 333 2401 411 2456; x_wconf 85' lang='lat' dir='ltr'><strong><em>Suet.</em></strong></span> <span class='ocrx_word' id='word_1_271' title='bbox 436 2399 520 2455; x_wconf 89' lang='lat' dir='ltr'><strong><em>Dom.</em></strong></span> <span class='ocrx_word' id='word_1_272' title='bbox 545 2405 570 2457; x_wconf 90' lang='grc'><strong><em>4.</em></strong></span> <span class='ocrx_word' id='word_1_273' title='bbox 597 2410 627 2454; x_wconf 87' lang='lat' dir='ltr'><strong><em>et</em></strong></span> <span class='ocrx_word' id='word_1_274' title='bbox 650 2401 757 2478; x_wconf 75' lang='lat' dir='ltr'><strong><em>scalig.</em></strong></span> <span class='ocrx_word' id='word_1_275' title='bbox 784 2401 820 2456; x_wconf 85' lang='lat' dir='ltr'><strong><em>de</em></strong></span> <span class='ocrx_word' id='word_1_276' title='bbox 847 2404 958 2458; x_wconf 87' lang='lat' dir='ltr'><strong><em>emend.</em></strong></span> <span class='ocrx_word' id='word_1_277' title='bbox 986 2411 1077 2474; x_wconf 87' lang='lat' dir='ltr'><strong><em>temp.</em></strong></span> <span class='ocrx_word' id='word_1_278' title='bbox 1106 2404 1156 2457; x_wconf 90' lang='lat' dir='ltr'><strong><em>lib.</em></strong></span> <span class='ocrx_word' id='word_1_279' title='bbox 1174 2404 1208 2459; x_wconf 77' lang='lat' dir='ltr'><strong><em>V.</em></strong></span> <span class='ocrx_word' id='word_1_280' title='bbox 1232 2418 1259 2470; x_wconf 91' lang='lat' dir='ltr'><strong><em>p.</em></strong></span> <span class='ocrx_word' id='word_1_281' title='bbox 1277 2401 1323 2456; x_wconf 81' lang='grc'><strong>476</strong></span> <span class='ocrx_word' id='word_1_282' title='bbox 1338 2413 1384 2520; x_wconf 62' lang='lat' dir='ltr'><strong><em>sqq</em></strong></span> 
     </span>
     <span class='ocr_line' id='line_1_29' title="bbox 195 2471 1358 2550; baseline -0.001 -23"><span class='ocrx_word' id='word_1_283' title='bbox 195 2475 314 2550; x_wconf 62' lang='lat' dir='ltr'><strong><em>,deongo</em></strong></span> <span class='ocrx_word' id='word_1_284' title='bbox 334 2472 491 2528; x_wconf 79' lang='lat' dir='ltr'><strong><em>intervallo</em></strong></span> <span class='ocrx_word' id='word_1_285' title='bbox 507 2471 749 2543; x_wconf 82' lang='lat' dir='ltr'><strong><em>postGordianue</em></strong></span> <span class='ocrx_word' id='word_1_286' title='bbox 766 2473 866 2527; x_wconf 87' lang='lat' dir='ltr'><strong><em>iunior</em></strong></span> <span class='ocrx_word' id='word_1_287' title='bbox 884 2474 1050 2545; x_wconf 77' lang='lat' dir='ltr'><strong><em>Imperator</em></strong></span> <span class='ocrx_word' id='word_1_288' title='bbox 1068 2475 1157 2527; x_wconf 83' lang='lat' dir='ltr'><strong><em>lustri</em></strong></span> <span class='ocrx_word' id='word_1_289' title='bbox 1174 2479 1311 2532; x_wconf 79' lang='lat' dir='ltr'><strong><em>certamen,</em></strong></span> <span class='ocrx_word' id='word_1_290' title='bbox 1327 2487 1358 2540; x_wconf 78' lang='lat' dir='ltr'><strong><em>qu</em></strong></span> 
     </span>
    </p>

    <p class='ocr_par' dir='ltr' id='par_1_6' title="bbox 183 2542 1385 4404">
     <span class='ocr_line' id='line_1_30' title="bbox 194 2542 1384 2624; baseline -0.007 -25"><span class='ocrx_word' id='word_1_291' title='bbox 194 2546 272 2624; x_wconf 75' lang='lat' dir='ltr'><strong><em>Nero</em></strong></span> <span class='ocrx_word' id='word_1_292' title='bbox 290 2545 403 2598; x_wconf 83' lang='lat' dir='ltr'><strong><em>Romam</em></strong></span> <span class='ocrx_word' id='word_1_293' title='bbox 421 2543 574 2609; x_wconf 79' lang='lat' dir='ltr'><strong><em>invexerat,</em></strong></span> <span class='ocrx_word' id='word_1_294' title='bbox 592 2545 675 2598; x_wconf 81' lang='lat' dir='ltr'><strong><em>ausit</em></strong></span> <span class='ocrx_word' id='word_1_295' title='bbox 692 2545 874 2612; x_wconf 63' lang='lat' dir='ltr'><strong><em>tremuitque,</em></strong></span> <span class='ocrx_word' id='word_1_296' title='bbox 885 2553 961 2600; x_wconf 84' lang='lat' dir='ltr'><strong><em>teste</em></strong></span> <span class='ocrx_word' id='word_1_297' title='bbox 978 2547 1101 2600; x_wconf 84' lang='lat' dir='ltr'><strong><em>Victore</em></strong></span> <span class='ocrx_word' id='word_1_298' title='bbox 1119 2563 1145 2600; x_wconf 92' lang='lat' dir='ltr'><strong><em>c.</em></strong></span> <span class='ocrx_word' id='word_1_299' title='bbox 1164 2548 1208 2601; x_wconf 87' lang='grc'><strong><em>77.</em></strong></span> <span class='ocrx_word' id='word_1_300' title='bbox 1237 2542 1384 2610; x_wconf 80' lang='lat' dir='ltr'><strong><em>Exemplum</em></strong></span> 
     </span>
     <span class='ocr_line' id='line_1_31' title="bbox 196 2613 1384 2688; baseline -0.008 -14"><span class='ocrx_word' id='word_1_301' title='bbox 196 2625 305 2682; x_wconf 82' lang='lat' dir='ltr'><strong><em>autem,</em></strong></span> <span class='ocrx_word' id='word_1_302' title='bbox 322 2615 418 2680; x_wconf 87' lang='lat' dir='ltr'><strong><em>oredo,</em></strong></span> <span class='ocrx_word' id='word_1_303' title='bbox 438 2617 564 2685; x_wconf 87' lang='lat' dir='ltr'><strong><em>sumpsit</em></strong></span> <span class='ocrx_word' id='word_1_304' title='bbox 578 2616 658 2669; x_wconf 89' lang='lat' dir='ltr'><strong><em>Nero</em></strong></span> <span class='ocrx_word' id='word_1_305' title='bbox 677 2635 693 2669; x_wconf 77' lang='lat' dir='ltr'>a</span> <span class='ocrx_word' id='word_1_306' title='bbox 710 2615 920 2688; x_wconf 71' lang='lat' dir='ltr'><strong><em>Neapolitanis,</em></strong></span> <span class='ocrx_word' id='word_1_307' title='bbox 940 2616 975 2671; x_wconf 89' lang='lat' dir='ltr'><strong><em>de</em></strong></span> <span class='ocrx_word' id='word_1_308' title='bbox 993 2618 1101 2687; x_wconf 87' lang='lat' dir='ltr'><strong><em>quibus</em></strong></span> <span class='ocrx_word' id='word_1_309' title='bbox 1128 2616 1226 2673; x_wconf 80' lang='lat' dir='ltr'><strong><em>Strabo</em></strong></span> <span class='ocrx_word' id='word_1_310' title='bbox 1243 2616 1274 2670; x_wconf 84' lang='lat' dir='ltr'><strong><em>V.</em></strong></span> <span class='ocrx_word' id='word_1_311' title='bbox 1298 2631 1323 2686; x_wconf 89' lang='lat' dir='ltr'><strong><em>p.</em></strong></span> <span class='ocrx_word' id='word_1_312' title='bbox 1338 2613 1384 2667; x_wconf 84' lang='lat' dir='ltr'><strong><em>ttt.</em></strong></span> 
     </span>
     <span class='ocr_line' id='line_1_32' title="bbox 194 2679 1384 2759; baseline -0.008 -15"><span class='ocrx_word' id='word_1_313' title='bbox 194 2691 259 2744; x_wconf 81' lang='lat' dir='ltr'><strong><em>ueri</em></strong></span> <span class='ocrx_word' id='word_1_314' title='bbox 276 2685 309 2742; x_wconf 75' lang='lat' dir='ltr'><strong><em>di</em></strong></span> <span class='ocrx_word' id='word_1_315' title='bbox 329 2684 518 2754; x_wconf 73' lang='lat' dir='ltr'><strong><em>uerrerqperir</em></strong></span> <span class='ocrx_word' id='word_1_316' title='bbox 545 2681 619 2757; x_wconf 77' lang='grc' dir='ltr'><strong><em>ἱερὸς</em></strong></span> <span class='ocrx_word' id='word_1_317' title='bbox 645 2683 915 2756; x_wconf 65' lang='lat' dir='ltr'><strong><em>&amp;quarumnam</em></strong></span> <span class='ocrx_word' id='word_1_318' title='bbox 939 2686 1002 2758; x_wconf 82' lang='grc' dir='ltr'><strong><em>παρ’</em></strong></span> <span class='ocrx_word' id='word_1_319' title='bbox 1029 2687 1135 2758; x_wconf 70' lang='grc' dir='ltr'><strong><em>αὐτοῖς,</em></strong></span> <span class='ocrx_word' id='word_1_320' title='bbox 1160 2679 1285 2759; x_wconf 78' lang='grc' dir='ltr'><strong><em>μουσικός</em></strong></span> <span class='ocrx_word' id='word_1_321' title='bbox 1307 2699 1331 2735; x_wconf 84' lang='lat' dir='ltr'><strong><em>re</em></strong></span> <span class='ocrx_word' id='word_1_322' title='bbox 1350 2681 1384 2732; x_wconf 77' lang='lat' dir='ltr'><strong><em>rui</em></strong></span> 
     </span>
     <span class='ocr_line' id='line_1_33' title="bbox 193 2747 1385 2900; baseline -0.01 -14"><span class='ocrx_word' id='word_1_323' title='bbox 193 2755 329 2886; x_wconf 64' lang='lat' dir='ltr'><strong><em>mitt</em></strong></span> <span class='ocrx_word' id='word_1_324' title='bbox 346 2758 526 2900; x_wconf 61' lang='lat' dir='ltr'><strong><em>illiti</em></strong></span> <span class='ocrx_word' id='word_1_325' title='bbox 536 2754 660 2883; x_wconf 63' lang='lat' dir='ltr'><strong><em>liiii</em></strong></span> <span class='ocrx_word' id='word_1_326' title='bbox 677 2756 1245 2887; x_wconf 40' lang='lat' dir='ltr'><strong><em>difficili.‘liii&#39;ii&#39;ffiill</em></strong></span> <span class='ocrx_word' id='word_1_327' title='bbox 1262 2747 1385 2884; x_wconf 61' lang='lat' dir='ltr'><strong><em>titt:</em></strong></span> 
     </span>
     <span class='ocr_line' id='line_1_34' title="bbox 195 2895 1384 2977; baseline -0.01 -19"><span class='ocrx_word' id='word_1_328' title='bbox 195 2905 228 2958; x_wconf 88' lang='lat' dir='ltr'><strong><em>in</em></strong></span> <span class='ocrx_word' id='word_1_329' title='bbox 245 2903 386 2958; x_wconf 82' lang='lat' dir='ltr'><strong><em>honorem</em></strong></span> <span class='ocrx_word' id='word_1_330' title='bbox 403 2899 538 2977; x_wconf 74' lang='lat' dir='ltr'><strong><em>Augusti.</em></strong></span> <span class='ocrx_word' id='word_1_331' title='bbox 557 2918 585 2953; x_wconf 82' lang='lat' dir='ltr'><strong><em>v.</em></strong></span> <span class='ocrx_word' id='word_1_332' title='bbox 605 2899 684 2955; x_wconf 87' lang='lat' dir='ltr'><strong><em>Suet.</em></strong></span> <span class='ocrx_word' id='word_1_333' title='bbox 704 2901 764 2954; x_wconf 88' lang='lat' dir='ltr'><strong><em>Oct.</em></strong></span> <span class='ocrx_word' id='word_1_334' title='bbox 785 2917 811 2954; x_wconf 90' lang='lat' dir='ltr'><strong><em>o.</em></strong></span> <span class='ocrx_word' id='word_1_335' title='bbox 830 2905 875 2959; x_wconf 76' lang='grc'><strong><em>98.</em></strong></span> <span class='ocrx_word' id='word_1_336' title='bbox 894 2911 924 2957; x_wconf 89' lang='lat' dir='ltr'><strong><em>et</em></strong></span> <span class='ocrx_word' id='word_1_337' title='bbox 942 2903 1042 2956; x_wconf 77' lang='lat' dir='ltr'><strong><em>chun.</em></strong></span> <span class='ocrx_word' id='word_1_338' title='bbox 1063 2910 1108 2961; x_wconf 91' lang='lat' dir='ltr'><strong><em>ll.</em></strong></span> <span class='ocrx_word' id='word_1_339' title='bbox 1145 2905 1189 2958; x_wconf 78' lang='lat' dir='ltr'><strong><em>Ad</em></strong></span> <span class='ocrx_word' id='word_1_340' title='bbox 1211 2900 1324 2956; x_wconf 73' lang='lat' dir='ltr'><strong><em>eiusdem</em></strong></span> <span class='ocrx_word' id='word_1_341' title='bbox 1345 2895 1384 2946; x_wconf 86' lang='lat' dir='ltr'><strong><em>ho·</em></strong></span> 
     </span>
     <span class='ocr_line' id='line_1_35' title="bbox 195 2972 1384 3048; baseline -0.003 -20"><span class='ocrx_word' id='word_1_342' title='bbox 195 2991 297 3030; x_wconf 88' lang='lat' dir='ltr'><strong><em>norem</em></strong></span> <span class='ocrx_word' id='word_1_343' title='bbox 316 2975 498 3048; x_wconf 75' lang='lat' dir='ltr'><strong><em>gratiamque</em></strong></span> <span class='ocrx_word' id='word_1_344' title='bbox 516 2972 645 3026; x_wconf 81' lang='lat' dir='ltr'><strong><em>Herodes</em></strong></span> <span class='ocrx_word' id='word_1_345' title='bbox 664 2972 784 3027; x_wconf 82' lang='lat' dir='ltr'><strong><em>Iudaeae</em></strong></span> <span class='ocrx_word' id='word_1_346' title='bbox 801 2990 854 3027; x_wconf 80' lang='lat' dir='ltr'><strong><em>rex</em></strong></span> <span class='ocrx_word' id='word_1_347' title='bbox 872 2973 1020 3028; x_wconf 85' lang='lat' dir='ltr'><strong><em>theatrum</em></strong></span> <span class='ocrx_word' id='word_1_348' title='bbox 1039 2983 1068 3029; x_wconf 84' lang='lat' dir='ltr'><strong><em>et</em></strong></span> <span class='ocrx_word' id='word_1_349' title='bbox 1088 2985 1234 3030; x_wconf 83' lang='lat' dir='ltr'><strong><em>certamen</em></strong></span> <span class='ocrx_word' id='word_1_350' title='bbox 1250 2973 1384 3043; x_wconf 82' lang='lat' dir='ltr'><strong><em>quinquen·</em></strong></span> 
     </span>
     <span class='ocr_line' id='line_1_36' title="bbox 195 3037 1384 3113; baseline -0.006 -13"><span class='ocrx_word' id='word_1_351' title='bbox 195 3046 262 3100; x_wconf 83' lang='lat' dir='ltr'><strong><em>nale</em></strong></span> <span class='ocrx_word' id='word_1_352' title='bbox 281 3043 421 3098; x_wconf 80' lang='lat' dir='ltr'><strong><em>condidit.</em></strong></span> <span class='ocrx_word' id='word_1_353' title='bbox 442 3061 470 3096; x_wconf 83' lang='lat' dir='ltr'><strong><em>v.</em></strong></span> <span class='ocrx_word' id='word_1_354' title='bbox 490 3041 604 3113; x_wconf 84' lang='lat' dir='ltr'><strong><em>loseph.</em></strong></span> <span class='ocrx_word' id='word_1_355' title='bbox 625 3044 655 3095; x_wconf 82' lang='grc' dir='ltr'><strong><em>Α.</em></strong></span> <span class='ocrx_word' id='word_1_356' title='bbox 676 3044 699 3100; x_wconf 91' lang='lat'><strong><em>1.</em></strong></span> <span class='ocrx_word' id='word_1_357' title='bbox 722 3047 766 3109; x_wconf 79' lang='lat'><strong><em>15,</em></strong></span> <span class='ocrx_word' id='word_1_358' title='bbox 783 3047 809 3102; x_wconf 84' lang='grc'><strong><em>8.</em></strong></span> <span class='ocrx_word' id='word_1_359' title='bbox 847 3043 921 3099; x_wconf 83' lang='lat' dir='ltr'><strong><em>Sunt</em></strong></span> <span class='ocrx_word' id='word_1_360' title='bbox 949 3055 978 3100; x_wconf 89' lang='lat' dir='ltr'><strong><em>et</em></strong></span> <span class='ocrx_word' id='word_1_361' title='bbox 1002 3047 1087 3100; x_wconf 88' lang='lat' dir='ltr'><strong><em>numi</em></strong></span> <span class='ocrx_word' id='word_1_362' title='bbox 1105 3045 1270 3110; x_wconf 76' lang='lat' dir='ltr'><strong><em>Neroniani,</em></strong></span> <span class='ocrx_word' id='word_1_363' title='bbox 1292 3043 1319 3094; x_wconf 90' lang='lat' dir='ltr'><strong><em>in</em></strong></span> <span class='ocrx_word' id='word_1_364' title='bbox 1334 3037 1384 3108; x_wconf 80' lang='lat' dir='ltr'><strong><em>qui·</em></strong></span> 
     </span>
     <span class='ocr_line' id='line_1_37' title="bbox 195 3109 1382 3190; baseline -0.006 -18"><span class='ocrx_word' id='word_1_365' title='bbox 195 3117 248 3172; x_wconf 84' lang='lat' dir='ltr'><strong><em>bus</em></strong></span> <span class='ocrx_word' id='word_1_366' title='bbox 266 3133 364 3171; x_wconf 84' lang='lat' dir='ltr'><strong><em>menes</em></strong></span> <span class='ocrx_word' id='word_1_367' title='bbox 382 3131 449 3168; x_wconf 87' lang='lat' dir='ltr'><strong><em>cum</em></strong></span> <span class='ocrx_word' id='word_1_368' title='bbox 469 3129 575 3168; x_wconf 79' lang='lat' dir='ltr'><strong><em>corone</em></strong></span> <span class='ocrx_word' id='word_1_369' title='bbox 600 3122 629 3168; x_wconf 91' lang='lat' dir='ltr'><strong><em>et</em></strong></span> <span class='ocrx_word' id='word_1_370' title='bbox 651 3114 757 3182; x_wconf 86' lang='lat' dir='ltr'><strong><em>lebete,</em></strong></span> <span class='ocrx_word' id='word_1_371' title='bbox 789 3117 926 3188; x_wconf 87' lang='lat' dir='ltr'><strong><em>inscripti</em></strong></span> <span class='ocrx_word' id='word_1_372' title='bbox 951 3125 1038 3174; x_wconf 86' lang='lat' dir='ltr'><strong><em>certa.</em></strong></span> <span class='ocrx_word' id='word_1_373' title='bbox 1084 3121 1163 3190; x_wconf 88' lang='lat' dir='ltr'><strong><em>uinq.</em></strong></span> <span class='ocrx_word' id='word_1_374' title='bbox 1182 3133 1247 3172; x_wconf 89' lang='lat' dir='ltr'><strong><em>rom.</em></strong></span> <span class='ocrx_word' id='word_1_375' title='bbox 1265 3129 1300 3166; x_wconf 90' lang='lat' dir='ltr'><strong><em>co.</em></strong></span> <span class='ocrx_word' id='word_1_376' title='bbox 1325 3109 1349 3164; x_wconf 82' lang='lat' dir='ltr'><strong><em>h.</em></strong></span> <span class='ocrx_word' id='word_1_377' title='bbox 1365 3123 1382 3158; x_wconf 77' lang='lat' dir='ltr'><strong><em>t·</em></strong></span> 
     </span>
     <span class='ocr_line' id='line_1_38' title="bbox 195 3137 1383 3258; baseline -0.004 -16"><span class='ocrx_word' id='word_1_378' title='bbox 195 3195 337 3244; x_wconf 87' lang='lat' dir='ltr'><strong><em>certamen</em></strong></span> <span class='ocrx_word' id='word_1_379' title='bbox 356 3186 559 3256; x_wconf 83' lang='lat' dir='ltr'><strong><em>quinquennale</em></strong></span> <span class='ocrx_word' id='word_1_380' title='bbox 577 3185 684 3241; x_wconf 84' lang='lat' dir='ltr'><strong><em>Romae</em></strong></span> <span class='ocrx_word' id='word_1_381' title='bbox 702 3187 881 3242; x_wconf 86' lang='lat' dir='ltr'><strong><em>constituit.“</em></strong></span> <span class='ocrx_word' id='word_1_382' title='bbox 899 3187 977 3258; x_wconf 83' lang='lat' dir='ltr'><strong><em>Lips.</em></strong></span> <span class='ocrx_word' id='word_1_383' title='bbox 997 3190 1039 3244; x_wconf 50' lang='lat' dir='ltr'><strong><em>Gt¹</em></strong></span> <span class='ocrx_word' id='word_1_384' title='bbox 1052 3137 1168 3244; x_wconf 59' lang='lat' dir='ltr'><strong><em>edomet</em></strong></span> <span class='ocrx_word' id='word_1_385' title='bbox 1184 3189 1219 3241; x_wconf 91' lang='lat' dir='ltr'><strong><em>D.</em></strong></span> <span class='ocrx_word' id='word_1_386' title='bbox 1231 3185 1289 3238; x_wconf 88' lang='lat' dir='ltr'><strong><em>NN.</em></strong></span> <span class='ocrx_word' id='word_1_387' title='bbox 1305 3181 1333 3234; x_wconf 79' lang='lat' dir='ltr'><strong><em>&#39;l&#39;-</em></strong></span> <span class='ocrx_word' id='word_1_388' title='bbox 1346 3177 1383 3230; x_wconf 81' lang='lat' dir='ltr'><strong><em>Vl·</em></strong></span> 
     </span>
     <span class='ocr_line' id='line_1_39' title="bbox 195 3253 1383 3344; baseline -0.009 -31"><span class='ocrx_word' id='word_1_389' title='bbox 195 3277 225 3332; x_wconf 90' lang='lat' dir='ltr'><strong><em>p.</em></strong></span> <span class='ocrx_word' id='word_1_390' title='bbox 244 3261 307 3344; x_wconf 86' lang='grc'><strong>764.</strong></span> <span class='ocrx_word' id='word_1_391' title='bbox 328 3264 357 3312; x_wconf 86' lang='lat' dir='ltr'><strong><em>et</em></strong></span> <span class='ocrx_word' id='word_1_392' title='bbox 375 3257 411 3310; x_wconf 87' lang='lat' dir='ltr'><strong><em>de</em></strong></span> <span class='ocrx_word' id='word_1_393' title='bbox 429 3259 588 3312; x_wconf 82' lang='lat' dir='ltr'><strong><em>certamine</em></strong></span> <span class='ocrx_word' id='word_1_394' title='bbox 606 3257 660 3312; x_wconf 90' lang='lat' dir='ltr'><strong><em>illo</em></strong></span> <span class='ocrx_word' id='word_1_395' title='bbox 680 3256 802 3326; x_wconf 81' lang='lat' dir='ltr'><strong><em>Graeco,</em></strong></span> <span class='ocrx_word' id='word_1_396' title='bbox 822 3260 853 3314; x_wconf 90' lang='lat' dir='ltr'><strong><em>in</em></strong></span> <span class='ocrx_word' id='word_1_397' title='bbox 872 3277 929 3332; x_wconf 90' lang='lat' dir='ltr'><strong><em>quo</em></strong></span> <span class='ocrx_word' id='word_1_398' title='bbox 948 3263 1010 3332; x_wconf 87' lang='lat' dir='ltr'><strong><em>ipse</em></strong></span> <span class='ocrx_word' id='word_1_399' title='bbox 1028 3263 1106 3318; x_wconf 86' lang='lat' dir='ltr'><strong><em>Nero</em></strong></span> <span class='ocrx_word' id='word_1_400' title='bbox 1131 3256 1307 3344; x_wconf 26' lang='lat' dir='ltr'><strong><em>pertescegit</em></strong></span> <span class='ocrx_word' id='word_1_401' title='bbox 1326 3253 1383 3335; x_wconf 76' lang='lat' dir='ltr'><strong><em>Nee·</em></strong></span> 
     </span>
     <span class='ocr_line' id='line_1_40' title="bbox 195 3328 1383 3476; baseline -0.009 -21"><span class='ocrx_word' id='word_1_402' title='bbox 195 3328 606 3455; x_wconf 57' lang='lat' dir='ltr'><strong><em>iiiltllflilnlldi&#39;d&#39;</em></strong></span> <span class='ocrx_word' id='word_1_403' title='bbox 622 3329 1383 3476; x_wconf 56' lang='lat' dir='ltr'><strong><em>:uttittttt,tttllwttttttt</em></strong></span> 
     </span>
     <span class='ocr_line' id='line_1_41' title="bbox 195 3463 1382 3544; baseline -0.01 -17"><span class='ocrx_word' id='word_1_404' title='bbox 195 3475 316 3527; x_wconf 80' lang='lat' dir='ltr'><strong><em>fortasse</em></strong></span> <span class='ocrx_word' id='word_1_405' title='bbox 335 3472 421 3524; x_wconf 82' lang='lat' dir='ltr'><strong><em>etiam</em></strong></span> <span class='ocrx_word' id='word_1_406' title='bbox 440 3478 543 3540; x_wconf 86' lang='lat' dir='ltr'><strong><em>sponte</em></strong></span> <span class='ocrx_word' id='word_1_407' title='bbox 560 3473 749 3526; x_wconf 70' lang='lat' dir='ltr'><strong><em>instituturus</em></strong></span> <span class='ocrx_word' id='word_1_408' title='bbox 772 3475 901 3529; x_wconf 78' lang='lat' dir='ltr'><strong><em>fueret“</em></strong></span> <span class='ocrx_word' id='word_1_409' title='bbox 919 3477 990 3530; x_wconf 82' lang='lat' dir='ltr'><strong><em>Ern.</em></strong></span> <span class='ocrx_word' id='word_1_410' title='bbox 1027 3477 1062 3531; x_wconf 90' lang='lat' dir='ltr'><strong><em>In</em></strong></span> <span class='ocrx_word' id='word_1_411' title='bbox 1087 3477 1130 3532; x_wconf 80' lang='lat' dir='ltr'><strong><em>ed.</em></strong></span> <span class='ocrx_word' id='word_1_412' title='bbox 1155 3474 1229 3544; x_wconf 86' lang='lat' dir='ltr'><strong><em>Spir.</em></strong></span> <span class='ocrx_word' id='word_1_413' title='bbox 1254 3469 1325 3523; x_wconf 85' lang='lat' dir='ltr'><strong><em>deest</em></strong></span> <span class='ocrx_word' id='word_1_414' title='bbox 1340 3463 1382 3514; x_wconf 85' lang='lat' dir='ltr'><strong><em>ilo·</em></strong></span> 
     </span>
     <span class='ocr_line' id='line_1_42' title="bbox 195 3541 1382 3616; baseline 0.005 -20"><span class='ocrx_word' id='word_1_415' title='bbox 195 3559 266 3609; x_wconf 89' lang='lat' dir='ltr'><strong><em>mae,</em></strong></span> <span class='ocrx_word' id='word_1_416' title='bbox 296 3543 328 3596; x_wconf 87' lang='lat' dir='ltr'><strong><em>in</em></strong></span> <span class='ocrx_word' id='word_1_417' title='bbox 354 3541 414 3595; x_wconf 84' lang='lat' dir='ltr'><strong><em>MS.</em></strong></span> <span class='ocrx_word' id='word_1_418' title='bbox 438 3542 517 3596; x_wconf 81' lang='lat' dir='ltr'><strong><em>Flor.</em></strong></span> <span class='ocrx_word' id='word_1_419' title='bbox 546 3542 678 3595; x_wconf 85' lang='lat' dir='ltr'><strong><em>institam</em></strong></span> <span class='ocrx_word' id='word_1_420' title='bbox 702 3559 756 3612; x_wconf 89' lang='lat' dir='ltr'><strong><em>pro</em></strong></span> <span class='ocrx_word' id='word_1_421' title='bbox 787 3545 958 3606; x_wconf 85' lang='lat' dir='ltr'><strong><em>institutum.</em></strong></span> <span class='ocrx_word' id='word_1_422' title='bbox 979 3579 1012 3594; x_wconf 88' lang='lat'><strong><em>-·</em></strong></span> <span class='ocrx_word' id='word_1_423' title='bbox 1048 3553 1130 3602; x_wconf 74' lang='lat' dir='ltr'><strong><em>eram</em></strong></span> <span class='ocrx_word' id='word_1_424' title='bbox 1158 3546 1207 3616; x_wconf 89' lang='lat' dir='ltr'><strong><em>qui</em></strong></span> <span class='ocrx_word' id='word_1_425' title='bbox 1233 3543 1280 3596; x_wconf 80' lang='lat' dir='ltr'><strong><em>cn.</em></strong></span> <span class='ocrx_word' id='word_1_426' title='bbox 1298 3546 1382 3607; x_wconf 63' lang='lat' dir='ltr'><strong><em>qusque</em></strong></span> 
     </span>
     <span class='ocr_line' id='line_1_43' title="bbox 196 3613 1382 3692; baseline 0.003 -23"><span class='ocrx_word' id='word_1_427' title='bbox 196 3613 355 3683; x_wconf 70' lang='lat' dir='ltr'><strong><em>Pompeiam</em></strong></span> <span class='ocrx_word' id='word_1_428' title='bbox 391 3613 548 3666; x_wconf 85' lang='lat' dir='ltr'><strong><em>incusatum</em></strong></span> <span class='ocrx_word' id='word_1_429' title='bbox 584 3629 602 3665; x_wconf 90' lang='lat' dir='ltr'><strong><em>a</em></strong></span> <span class='ocrx_word' id='word_1_430' title='bbox 640 3615 798 3670; x_wconf 74' lang='lat' dir='ltr'><strong><em>senioribus</em></strong></span> <span class='ocrx_word' id='word_1_431' title='bbox 828 3620 953 3685; x_wconf 68' lang='lat' dir='ltr'><strong><em>ferrem,</em></strong></span> <span class='ocrx_word' id='word_1_432' title='bbox 990 3622 1064 3692; x_wconf 89' lang='lat' dir='ltr'><strong><em>quod</em></strong></span> <span class='ocrx_word' id='word_1_433' title='bbox 1092 3631 1267 3678; x_wconf 86' lang='lat' dir='ltr'><strong><em>mansuram,</em></strong></span> <span class='ocrx_word' id='word_1_434' title='bbox 1299 3619 1382 3680; x_wconf 62' lang='lat' dir='ltr'><strong><em>perpe·</em></strong></span> 
     </span>
     <span class='ocr_line' id='line_1_44' title="bbox 196 3683 1382 3758; baseline -0.006 -19"><span class='ocrx_word' id='word_1_435' title='bbox 196 3695 285 3750; x_wconf 77' lang='lat' dir='ltr'><strong><em>mem,</em></strong></span> <span class='ocrx_word' id='word_1_436' title='bbox 317 3683 423 3738; x_wconf 74' lang='lat' dir='ltr'><strong><em>ineant</em></strong></span> <span class='ocrx_word' id='word_1_437' title='bbox 446 3685 539 3737; x_wconf 84' lang='lat' dir='ltr'><strong><em>sedern</em></strong></span> <span class='ocrx_word' id='word_1_438' title='bbox 565 3683 597 3738; x_wconf 87' lang='lat' dir='ltr'><strong><em>in</em></strong></span> <span class='ocrx_word' id='word_1_439' title='bbox 621 3685 745 3740; x_wconf 83' lang='lat' dir='ltr'><strong><em>secundo</em></strong></span> <span class='ocrx_word' id='word_1_440' title='bbox 770 3691 922 3746; x_wconf 80' lang='lat' dir='ltr'><strong><em>consolatu</em></strong></span> <span class='ocrx_word' id='word_1_441' title='bbox 946 3711 972 3745; x_wconf 88' lang='lat' dir='ltr'><strong><em>a.</em></strong></span> <span class='ocrx_word' id='word_1_442' title='bbox 998 3691 1033 3745; x_wconf 89' lang='lat' dir='ltr'><strong><em>U.</em></strong></span> <span class='ocrx_word' id='word_1_443' title='bbox 1062 3694 1121 3749; x_wconf 79' lang='grc'><strong>699.</strong></span> <span class='ocrx_word' id='word_1_444' title='bbox 1157 3686 1303 3758; x_wconf 82' lang='lat' dir='ltr'><strong><em>posuisset.-</em></strong></span> <span class='ocrx_word' id='word_1_445' title='bbox 1333 3687 1382 3727; x_wconf 73' lang='lat' dir='ltr'><strong><em>nam</em></strong></span> 
     </span>
     <span class='ocr_line' id='line_1_45' title="bbox 196 3755 1382 3825; baseline -0.011 -14"><span class='ocrx_word' id='word_1_446' title='bbox 196 3757 281 3811; x_wconf 83' lang='lat' dir='ltr'><strong><em>antea</em></strong></span> <span class='ocrx_word' id='word_1_447' title='bbox 309 3755 453 3808; x_wconf 80' lang='lat' dir='ltr'><strong><em>subitaria</em></strong></span> <span class='ocrx_word' id='word_1_448' title='bbox 482 3763 566 3809; x_wconf 78' lang='lat' dir='ltr'><strong><em>erent</em></strong></span> <span class='ocrx_word' id='word_1_449' title='bbox 598 3757 630 3810; x_wconf 90' lang='lat' dir='ltr'><strong><em>in</em></strong></span> <span class='ocrx_word' id='word_1_450' title='bbox 664 3762 771 3825; x_wconf 86' lang='lat' dir='ltr'><strong><em>tempus</em></strong></span> <span class='ocrx_word' id='word_1_451' title='bbox 801 3771 913 3816; x_wconf 85' lang='lat' dir='ltr'><strong><em>certum</em></strong></span> <span class='ocrx_word' id='word_1_452' title='bbox 944 3779 978 3816; x_wconf 81' lang='lat' dir='ltr'><strong><em>ac</em></strong></span> <span class='ocrx_word' id='word_1_453' title='bbox 1003 3763 1091 3817; x_wconf 84' lang='lat' dir='ltr'><strong><em>breve</em></strong></span> <span class='ocrx_word' id='word_1_454' title='bbox 1122 3765 1231 3813; x_wconf 89' lang='lat' dir='ltr'><strong><em>structa</em></strong></span> <span class='ocrx_word' id='word_1_455' title='bbox 1257 3761 1283 3807; x_wconf 94' lang='lat' dir='ltr'><strong><em>et</em></strong></span> <span class='ocrx_word' id='word_1_456' title='bbox 1303 3761 1382 3802; x_wconf 81' lang='lat' dir='ltr'><strong><em>censo·</em></strong></span> 
     </span>
     <span class='ocr_line' id='line_1_46' title="bbox 183 3822 1381 3905; baseline -0.003 -23"><span class='ocrx_word' id='word_1_457' title='bbox 183 3822 263 3882; x_wconf 84' lang='lat' dir='ltr'><strong><em>&#39;rum</em></strong></span> <span class='ocrx_word' id='word_1_458' title='bbox 293 3828 372 3880; x_wconf 80' lang='lat' dir='ltr'><strong><em>iussn</em></strong></span> <span class='ocrx_word' id='word_1_459' title='bbox 404 3827 580 3898; x_wconf 87' lang='lat' dir='ltr'><strong><em>plerumque</em></strong></span> <span class='ocrx_word' id='word_1_460' title='bbox 610 3827 739 3885; x_wconf 76' lang='lat' dir='ltr'><strong><em>disiecti.</em></strong></span> <span class='ocrx_word' id='word_1_461' title='bbox 765 3831 910 3896; x_wconf 82' lang='lat' dir='ltr'><strong><em>„TertulL</em></strong></span> <span class='ocrx_word' id='word_1_462' title='bbox 942 3834 977 3888; x_wconf 87' lang='lat' dir='ltr'><strong><em>de</em></strong></span> <span class='ocrx_word' id='word_1_463' title='bbox 1004 3842 1126 3905; x_wconf 81' lang='lat' dir='ltr'><strong><em>spectac·</em></strong></span> <span class='ocrx_word' id='word_1_464' title='bbox 1148 3835 1193 3888; x_wconf 81' lang='lat' dir='ltr'><strong><em>to.</em></strong></span> <span class='ocrx_word' id='word_1_465' title='bbox 1229 3825 1309 3892; x_wconf 80' lang='lat' dir='ltr'><strong><em>Saepe</em></strong></span> <span class='ocrx_word' id='word_1_466' title='bbox 1334 3831 1381 3894; x_wconf 57' lang='lat'><em>⁶2¹¹:</em></span> 
     </span>
     <span class='ocr_line' id='line_1_47' title="bbox 196 3897 1381 3968; baseline -0.017 -12"><span class='ocrx_word' id='word_1_467' title='bbox 196 3914 276 3956; x_wconf 88' lang='lat' dir='ltr'><strong><em>sores</em></strong></span> <span class='ocrx_word' id='word_1_468' title='bbox 302 3899 483 3952; x_wconf 87' lang='lat' dir='ltr'><strong><em>renascentia</em></strong></span> <span class='ocrx_word' id='word_1_469' title='bbox 501 3897 625 3952; x_wconf 72' lang='lat' dir='ltr'><strong><em>theatra</em></strong></span> <span class='ocrx_word' id='word_1_470' title='bbox 653 3899 837 3958; x_wconf 79' lang='lat' dir='ltr'><strong><em>destruebant</em></strong></span> <span class='ocrx_word' id='word_1_471' title='bbox 861 3905 984 3959; x_wconf 80' lang='lat' dir='ltr'><strong><em>moritus</em></strong></span> <span class='ocrx_word' id='word_1_472' title='bbox 1008 3907 1189 3968; x_wconf 84' lang='lat' dir='ltr'><strong><em>consulentes,</em></strong></span> <span class='ocrx_word' id='word_1_473' title='bbox 1216 3909 1321 3968; x_wconf 75' lang='lat' dir='ltr'><strong><em>quorum</em></strong></span> <span class='ocrx_word' id='word_1_474' title='bbox 1339 3901 1381 3938; x_wconf 89' lang='lat' dir='ltr'><strong><em>su·</em></strong></span> 
     </span>
     <span class='ocr_line' id='line_1_48' title="bbox 197 3965 1381 4048; baseline 0.003 -23"><span class='ocrx_word' id='word_1_475' title='bbox 197 3972 263 4026; x_wconf 87' lang='lat' dir='ltr'><strong><em>licet</em></strong></span> <span class='ocrx_word' id='word_1_476' title='bbox 277 3969 437 4038; x_wconf 84' lang='lat' dir='ltr'><strong><em>periculum</em></strong></span> <span class='ocrx_word' id='word_1_477' title='bbox 454 3969 556 4038; x_wconf 70' lang='lat' dir='ltr'><strong><em>ingens</em></strong></span> <span class='ocrx_word' id='word_1_478' title='bbox 573 3971 608 4024; x_wconf 92' lang='lat' dir='ltr'><strong><em>de</em></strong></span> <span class='ocrx_word' id='word_1_479' title='bbox 627 3970 747 4028; x_wconf 83' lang='lat' dir='ltr'><strong><em>lasciuia</em></strong></span> <span class='ocrx_word' id='word_1_480' title='bbox 763 3977 956 4044; x_wconf 79' lang='lat' dir='ltr'><strong><em>providebant.</em></strong></span> <span class='ocrx_word' id='word_1_481' title='bbox 992 3977 1092 4048; x_wconf 81' lang='lat' dir='ltr'><strong><em>ltaque</em></strong></span> <span class='ocrx_word' id='word_1_482' title='bbox 1114 3973 1257 4040; x_wconf 84' lang='lat' dir='ltr'><strong><em>Pompeius</em></strong></span> <span class='ocrx_word' id='word_1_483' title='bbox 1277 3965 1381 4028; x_wconf 63' lang='lat' dir='ltr'><strong><em>Magnus</em></strong></span> 
     </span>
     <span class='ocr_line' id='line_1_49' title="bbox 196 4037 1380 4116; baseline -0.014 -19"><span class='ocrx_word' id='word_1_484' title='bbox 196 4042 257 4097; x_wconf 86' lang='lat' dir='ltr'><strong><em>solo</em></strong></span> <span class='ocrx_word' id='word_1_485' title='bbox 277 4039 388 4115; x_wconf 70' lang='lat' dir='ltr'><strong><em>theatro</em></strong></span> <span class='ocrx_word' id='word_1_486' title='bbox 406 4058 456 4095; x_wconf 85' lang='lat' dir='ltr'><strong><em>suo</em></strong></span> <span class='ocrx_word' id='word_1_487' title='bbox 475 4041 578 4109; x_wconf 87' lang='lat' dir='ltr'><strong><em>minor,</em></strong></span> <span class='ocrx_word' id='word_1_488' title='bbox 604 4059 687 4112; x_wconf 82' lang='lat' dir='ltr'><strong><em>quarn</em></strong></span> <span class='ocrx_word' id='word_1_489' title='bbox 713 4045 795 4100; x_wconf 87' lang='lat' dir='ltr'><strong><em>iilam</em></strong></span> <span class='ocrx_word' id='word_1_490' title='bbox 820 4064 912 4102; x_wconf 89' lang='lat' dir='ltr'><strong><em>arcem</em></strong></span> <span class='ocrx_word' id='word_1_491' title='bbox 936 4049 1058 4102; x_wconf 87' lang='lat' dir='ltr'><strong><em>omnium</em></strong></span> <span class='ocrx_word' id='word_1_492' title='bbox 1077 4043 1276 4116; x_wconf 83' lang='lat' dir='ltr'><strong><em>turpitudinum</em></strong></span> <span class='ocrx_word' id='word_1_493' title='bbox 1291 4037 1380 4086; x_wconf 82' lang='lat' dir='ltr'><strong><em>castru-</em></strong></span> 
     </span>
     <span class='ocr_line' id='line_1_50' title="bbox 196 4101 1380 4184; baseline 0.001 -15"><span class='ocrx_word' id='word_1_494' title='bbox 196 4113 298 4178; x_wconf 75' lang='lat' dir='ltr'><strong><em>uisset,</em></strong></span> <span class='ocrx_word' id='word_1_495' title='bbox 316 4113 424 4165; x_wconf 84' lang='lat' dir='ltr'><strong><em>veritas</em></strong></span> <span class='ocrx_word' id='word_1_496' title='bbox 444 4111 607 4184; x_wconf 87' lang='lat' dir='ltr'><strong><em>quandoque</em></strong></span> <span class='ocrx_word' id='word_1_497' title='bbox 624 4119 778 4172; x_wconf 79' lang='lat' dir='ltr'><strong><em>memoriae</em></strong></span> <span class='ocrx_word' id='word_1_498' title='bbox 796 4135 863 4174; x_wconf 86' lang='lat' dir='ltr'><strong><em>suae</em></strong></span> <span class='ocrx_word' id='word_1_499' title='bbox 882 4122 1039 4174; x_wconf 86' lang='lat' dir='ltr'><strong><em>censoriam</em></strong></span> <span class='ocrx_word' id='word_1_500' title='bbox 1057 4114 1319 4174; x_wconf 74' lang='lat' dir='ltr'><strong><em>animaduersionem</em></strong></span> <span class='ocrx_word' id='word_1_501' title='bbox 1339 4101 1380 4154; x_wconf 72' lang='lat' dir='ltr'><strong><em>V0&#39;</em></strong></span> 
     </span>
     <span class='ocr_line' id='line_1_51' title="bbox 197 4175 1379 4262; baseline -0.008 -23"><span class='ocrx_word' id='word_1_502' title='bbox 197 4185 276 4239; x_wconf 85' lang='lat' dir='ltr'><strong><em>neris</em></strong></span> <span class='ocrx_word' id='word_1_503' title='bbox 294 4185 390 4238; x_wconf 89' lang='lat' dir='ltr'><strong><em>aedem</em></strong></span> <span class='ocrx_word' id='word_1_504' title='bbox 407 4185 599 4252; x_wconf 83' lang='lat' dir='ltr'><strong><em>superposuit.</em></strong></span> <span class='ocrx_word' id='word_1_505' title='bbox 643 4183 901 4262; x_wconf 81' lang='lat' dir='ltr'><strong><em>Praecipitantibus</em></strong></span> <span class='ocrx_word' id='word_1_506' title='bbox 925 4191 1029 4248; x_wconf 86' lang='lat' dir='ltr'><strong><em>deinde</em></strong></span> <span class='ocrx_word' id='word_1_507' title='bbox 1053 4191 1178 4244; x_wconf 85' lang='lat' dir='ltr'><strong><em>moribus</em></strong></span> <span class='ocrx_word' id='word_1_508' title='bbox 1202 4175 1379 4239; x_wconf 67' lang='lat' dir='ltr'><strong><em>exsuoxerunl</em></strong></span> 
     </span>
     <span class='ocr_line' id='line_1_52' title="bbox 197 4243 1379 4332; baseline -0.011 -20"><span class='ocrx_word' id='word_1_509' title='bbox 197 4257 254 4328; x_wconf 80' lang='lat' dir='ltr'><strong><em>ipsi</em></strong></span> <span class='ocrx_word' id='word_1_510' title='bbox 272 4271 414 4311; x_wconf 83' lang='lat' dir='ltr'><strong><em>censores.</em></strong></span> <span class='ocrx_word' id='word_1_511' title='bbox 451 4255 583 4309; x_wconf 72' lang='lat' dir='ltr'><strong><em>Valerius</em></strong></span> <span class='ocrx_word' id='word_1_512' title='bbox 602 4257 675 4312; x_wconf 81' lang='lat' dir='ltr'><strong><em>Max.</em></strong></span> <span class='ocrx_word' id='word_1_513' title='bbox 695 4261 721 4328; x_wconf 80' lang='lat'><strong><em>2,</em></strong></span> <span class='ocrx_word' id='word_1_514' title='bbox 736 4264 797 4328; x_wconf 66' lang='lat' dir='ltr'><strong><em>m,</em></strong></span> <span class='ocrx_word' id='word_1_515' title='bbox 817 4261 929 4316; x_wconf 67' lang='lat' dir='ltr'><strong><em>theatra</em></strong></span> <span class='ocrx_word' id='word_1_516' title='bbox 947 4261 1077 4316; x_wconf 73' lang='lat' dir='ltr'><strong><em>inclinata</em></strong></span> <span class='ocrx_word' id='word_1_517' title='bbox 1096 4259 1201 4332; x_wconf 83' lang='lat' dir='ltr'><strong><em>quidem</em></strong></span> <span class='ocrx_word' id='word_1_518' title='bbox 1217 4256 1277 4307; x_wconf 86' lang='lat' dir='ltr'><strong><em>sunt</em></strong></span> <span class='ocrx_word' id='word_1_519' title='bbox 1294 4243 1379 4299; x_wconf 79' lang='lat' dir='ltr'><strong><em>aMtt·</em></strong></span> 
     </span>
     <span class='ocr_line' id='line_1_53' title="bbox 196 4327 1381 4404; baseline -0.009 -11"><span class='ocrx_word' id='word_1_520' title='bbox 196 4329 261 4384; x_wconf 77' lang='lat' dir='ltr'><strong><em>sua</em></strong></span> <span class='ocrx_word' id='word_1_521' title='bbox 278 4331 304 4383; x_wconf 76' lang='lat' dir='ltr'><strong><em>es</em></strong></span> <span class='ocrx_word' id='word_1_522' title='bbox 321 4327 425 4386; x_wconf 71' lang='lat' dir='ltr'><strong><em>caeses</em></strong></span> <span class='ocrx_word' id='word_1_523' title='bbox 442 4327 615 4393; x_wconf 74' lang='lat' dir='ltr'><strong><em>censuum,</em></strong></span> <span class='ocrx_word' id='word_1_524' title='bbox 635 4334 757 4389; x_wconf 73' lang='lat' dir='ltr'><strong><em>ortuum</em></strong></span> <span class='ocrx_word' id='word_1_525' title='bbox 767 4340 890 4390; x_wconf 69' lang='lat' dir='ltr'><strong><em>,osorum</em></strong></span> <span class='ocrx_word' id='word_1_526' title='bbox 907 4333 1041 4404; x_wconf 66' lang='lat' dir='ltr'><strong><em>supteno</em></strong></span> <span class='ocrx_word' id='word_1_527' title='bbox 1054 4333 1163 4389; x_wconf 71' lang='lat' dir='ltr'><strong><em>maaca</em></strong></span> <span class='ocrx_word' id='word_1_528' title='bbox 1188 4337 1286 4382; x_wconf 77' lang='lat' dir='ltr'><strong><em>omnen</em></strong></span> <span class='ocrx_word' id='word_1_529' title='bbox 1308 4327 1381 4383; x_wconf 64' lang='lat' dir='ltr'><strong><em>orto</em></strong></span> 
     </span>
    </p>
   </div>
   <div class='ocr_carea' id='block_1_6' title="bbox 575 1829 1385 1908">
    <p class='ocr_par' dir='ltr' id='par_1_7' title="bbox 575 1829 1385 1908">
     <span class='ocr_line' id='line_1_54' title="bbox 575 1829 1385 1908; baseline -0.004 -23"><span class='ocrx_word' id='word_1_530' title='bbox 575 1849 674 1885; x_wconf 83' lang='lat' dir='ltr'><strong><em>versus</em></strong></span> <span class='ocrx_word' id='word_1_531' title='bbox 696 1831 775 1886; x_wconf 83' lang='lat' dir='ltr'><strong><em>Suet.</em></strong></span> <span class='ocrx_word' id='word_1_532' title='bbox 794 1830 815 1887; x_wconf 90' lang='lat' dir='ltr'><strong><em>l.</em></strong></span> <span class='ocrx_word' id='word_1_533' title='bbox 834 1832 854 1887; x_wconf 93' lang='lat' dir='ltr'><strong><em>l.</em></strong></span> <span class='ocrx_word' id='word_1_534' title='bbox 876 1839 905 1886; x_wconf 91' lang='lat' dir='ltr'><strong><em>et</em></strong></span> <span class='ocrx_word' id='word_1_535' title='bbox 931 1831 1038 1908; x_wconf 75' lang='lat' dir='ltr'><strong><em>Scalig.</em></strong></span> <span class='ocrx_word' id='word_1_536' title='bbox 1058 1829 1177 1884; x_wconf 84' lang='lat' dir='ltr'><strong><em>emend.</em></strong></span> <span class='ocrx_word' id='word_1_537' title='bbox 1195 1838 1279 1899; x_wconf 83' lang='lat' dir='ltr'><strong><em>temp.</em></strong></span> <span class='ocrx_word' id='word_1_538' title='bbox 1296 1847 1322 1898; x_wconf 83' lang='lat' dir='ltr'><strong><em>p.</em></strong></span> <span class='ocrx_word' id='word_1_539' title='bbox 1339 1830 1385 1882; x_wconf 78' lang='lat' dir='ltr'><strong><em>iii.</em></strong></span> 
     </span>
    </p>
   </div>
   <div class='ocr_carea' id='block_1_7' title="bbox 1249 4601 1370 4675">
    <p class='ocr_par' dir='ltr' id='par_1_8' title="bbox 1249 4601 1370 4675">
     <span class='ocr_line' id='line_1_55' title="bbox 1249 4601 1370 4675; baseline 0 0"><span class='ocrx_word' id='word_1_540' title='bbox 1249 4601 1253 4610; x_wconf 73' lang='grc'><strong><em>’</em></strong></span> <span class='ocrx_word' id='word_1_541' title='bbox 1361 4614 1370 4675; x_wconf 73' lang='lat' dir='ltr'><strong><em>l</em></strong></span> 
     </span>
    </p>
   </div>
   <div class='ocr_carea' id='block_1_8' title="bbox 0 0 1432 4798">
    <p class='ocr_par' dir='ltr' id='par_1_9' title="bbox 0 0 1432 4798">
     <span class='ocr_line' id='line_1_56' title="bbox 0 0 1432 4798; baseline 0 1"><span class='ocrx_word' id='word_1_542' title='bbox 0 0 1432 4798; x_wconf 95' lang='lat' dir='ltr'><strong><em> </em></strong></span> 
     </span>
    </p>
   </div>
  </div>
 </body>
</html>
