2854 4798
177 199 238 268 1³4
544 181 805 306 annulum
825 199 912 267 nm.
933 156 1010 266 'xm
1091 272 1094 280 ,

176 365 385 452 congiarium
411 366 536 452 plebei.
577 365 620 430 Et
650 366 783 432 ludicro
812 363 1032 442 Circensium,
1065 365 1154 451 quod
1188 363 1400 450 omnimodis

173 469 221 514 vu
257 451 268 511 i
290 448 412 513 studiis
433 449 605 531 edebatur,
623 450 849 514 ‘Britannicus
875 453 911 512 in
933 458 1118 533 praetexta,
1152 447 1256 514 Nero
1284 453 1400 512 trium«

199 533 241 594 ha
254 535 323 595 ium
353 541 447 597 veste
474 536 657 598 transvecti
678 543 766 602 sunt.
810 533 985 620 Spectaret
1005 537 1144 618 populns
1166 533 1263 596 hunc
1283 531 1400 598 decore

175 555 411 700 imperatorio,
424 616 529 695 ¹illurn
541 619 678 762 spuerili
698 617 826 698 habitu,
859 639 898 680 ac
920 617 1061 701 perinde
1082 621 1258 680 fortunam
1279 621 1400 680 utrius.

176 719 238 784 que
258 707 498 783 praesumeret.
566 701 660 780 imul,
687 703 744 784 qui
765 703 1000 765 centurionum
1021 701 1311 782 tribunorumque
1332 720 1400 762 sora

144 815 146 822 >
175 791 245 846 tem
271 785 459 846 Britannici
492 784 749 864 miserebantur,
783 786 904 848 remoti
936 785 1022 847 lictis
1050 785 1158 846 causis
1190 789 1227 845 et
1255 782 1317 844 alii
1344 804 1400 865 per

176 867 320 947 speciem
341 867 497 931 honorius
530 869 630 929 etiam
650 869 851 932 libertorum
878 869 1001 951 siquis
1022 869 1226 948 incorrupte
1247 864 1328 944 fide,
1348 851 1400 928 de.

176 951 317 1034 pellitur
337 951 397 1011 tali
418 952 605 1013 occasione.
650 951 750 1015 Obvii
774 952 867 1016 iuter
896 970 932 1013 sc
963 951 1059 1014 Nero
1084 949 1320 1015 Britannicum
1345 971 1400 1026 no.

176 1035 278 1111 mine,
310 1033 369 1096 illo
395 1031 573 1098 Domitium
604 1032 803 1097 salutavere.
847 1032 954 1114 Quod,
982 1043 1022 1096 ut
1042 1031 1235 1096 discordiae
1257 1027 1400 1110 initium,

175 1115 362 1262 Agrippina
392 1118 500 1180 multo
533 1124 652 1198 questu
687 1117 731 1180 ad
767 1119 927 1180 maritum
958 1114 1084 1180 deferte
1122 1117 1243 1200 sperui
1284 1117 1400 1198 quippe}

176 1219 195 1260 a
219 1202 400 1283 optionem,
422 1219 571 1282 quaeque
592 1201 784 1263 censuerint
804 1201 932 1280 Patres,
963 1199 1101 1263 iusserit
1121 1199 1286 1282 populus,
1314 1201 1400 1260 iutra

176 1289 311 1365 penates
332 1283 500 1370 abrogari,
521 1303 561 1346 ac
582 1282 649 1344 nisi
668 1286 817 1366 pravitas
838 1290 907 1346 tam
928 1283 1057 1345 insensa
1071 1279 1272 1344 docentium
1294 1300 1400 1342 arcea-

172 1377 245 1458 tur,
273 1375 436 1450 eruptura
462 1367 498 1428 in
526 1363 694 1450 publicam
716 1368 907 1451 perniciem.
952 1364 1145 1428 Commotus
1167 1366 1319 1446 isquasi
1337 1366 1400 1426 cri-¹

174 1450 319 1512 minibus
350 1451 514 1531 optimum
545 1469 706 1532 quemque
739 1449 953 1512 educatorem
978 1448 1042 1510 filii
1072 1448 1193 1512 exsilio
1224 1466 1267 1509 ac
1294 1455 1396 1508 morte

175 1533 277 1596 afficit
298 1531 460 1614 datosque
480 1553 499 1594 a
520 1551 668 1598 noverca
688 1532 859 1596 custodiae
880 1534 951 1596 eius
974 1533 1127 1614 imponit.

70 1677 72 1684 ⁴
246 1655 273 1708 1.
295 1651 357 1706 Tib.
377 1650 499 1706 Gloradio
517 1649 644 1722 parisium
660 1650 722 1708 Ser.
742 1649 830 1705 coru.
851 1649 940 1716 Orfito
964 1665 1039 1704 coer.
1068 1650 1107 1703 ci.
1126 1645 1211 1704 Suet.
1236 1647 1338 1702 Claud.
1358 1651 1394 1704 ll.

175 1728 206 1776 et
223 1723 311 1778 inser.
336 1729 382 1795 ap'.
407 1722 523 1776 Febret.
547 1739 577 1794 p.
597 1724 660 1778 473.
701 1721 732 1779 T.
752 1721 785 1779 t.
806 1721 927 1776 Claudio
953 1720 1015 1776 edd.
1041 1717 1119 1792 Spir.
1144 1721 1211 1774 Put.
1231 1725 1258 1776 l.
1281 1721 1307 1776 2.
1333 1719 1392 1772 Ber.

174 1791 266 1850 nhsn.
286 1797 311 1850 1.
330 1796 357 1850 2.
376 1797 404 1851 3.
422 1792 488 1848 Ald.
508 1794 586 1864 quod
603 1794 712 1848 vitium
731 1810 747 1848 e
766 1793 912 1864 scripturn
929 1791 969 1845 Τ1
988 1801 1087 1846 ortum
1106 1799 1165 1859 esta
1189 1789 1299 1844 Walth.
1320 1789 1395 1842 Tibe·

174 1864 221 1918 rio
241 1863 363 1919 Claudio
382 1865 489 1920 Quinto
506 1863 564 1928 MS.
585 1864 684 1924 Guelf.
720 1862 815 1932 „blais
840 1863 959 1934 quidam
983 1863 1100 1932 Orfitum
1122 1869 1234 1917 vocant
1258 1859 1393 1930 Sergium

174 1933 228 1988 atii
248 1935 337 1988 etiam
355 1933 526 2003 Scipionem,
545 1937 631 1987 utin
648 1935 743 1989 Fastis
761 1935 896 1988 l'anvinii
915 1931 1126 1991 etdlmelov.“
1144 1935 1219 1991 Erre.
1246 1965 1281 1984 ..-
1305 1931 1393 1986 uirilis

174 2009 244 2072 toga
266 2003 386 2070 Neroni,
413 2005 466 2075 qui
493 2011 558 2058 tum
582 2022 690 2060 annum
712 2007 815 2060 aetatis
834 2006 898 2058 xlv
922 2008 1039 2072 inierat,
1062 2011 1104 2071 (r.
1132 2004 1168 2059 ad
1190 2021 1217 2059 c.
1237 2005 1283 2062 25.
1310 2022 1339 2057 n.
1356 2002 1392 2064 2.)

173 2081 326 2142 maturata,
344 2076 489 2129 maturius
507 2075 542 2128 ab
561 2091 595 2130 eo
614 2085 745 2146 sumpta:
763 2093 831 2130 nam
849 2075 926 2130 diem
945 2077 1089 2142 tirocinii,
1114 2093 1172 2144 quo
1193 2093 1212 2130 a
1234 2076 1332 2128 tirone
1347 2088 1392 2142 po-

175 2149 232 2201 sita
249 2154 320 2223 toga
337 2145 461 2216 puerilis
478 2153 629 2218 praetextp
646 2155 676 2201 et
694 2155 810 2218 suruptu
827 2145 926 2200 virilis
948 2165 971 2200 s.
990 2163 1076 2216 pura,
1101 2163 1221 2218 semper
1244 2147 1333 2200 husee
1350 2142 1391 2196 ab·

174 2219 273 2272 soluto
290 2217 393 2272 aetatis
408 2216 579 2271 annoXlV.
609 2225 638 2272 et
665 2219 785 2273 ineunte
802 2218 861 2272 XV.
891 2217 1071 2272 contendunt
1088 2217 1168 2287 Lips.
1198 2224 1229 2273 et
1248 2215 1338 2272 Gron.
1361 2214 1392 2267 ad

172 2287 510 2358 n1.n0dws11.prast
530 2285 630 2342 camd.
650 2291 683 2341 V.
703 2287 752 2344 sed
769 2289 915 2360 completo
932 2307 958 2344 a.
977 2289 1035 2345 XV.
1054 2287 1152 2343 Neris.
1172 2306 1242 2344 een.
1260 2287 1316 2340 Pis.
1330 2288 1388 2342 23

172 2362 295 2416 Messon.
315 2360 348 2413 in
364 2359 427 2413 rita
443 2356 571 2427 Horatii,
590 2367 620 2414 et
637 2367 703 2414 anto
721 2359 938 2432 imperatorum
961 2368 1093 2430 tempora
1122 2359 1241 2431 expleto
1265 2376 1290 2414 a.
1309 2355 1390 2410 xvu.

172 2431 266 2504 llyck.
285 2430 321 2486 sd
337 2429 367 2482 h.
381 2429 403 2489 l.
435 2427 768 2498 (3133231258.
794 2435 892 2498 13,15
914 2449 968 2503 pr.
986 2433 1081 2501 intpp.
1111 2427 1195 2486 Suet.
1223 2429 1250 2483 A
1291 2431 1343 2485 .3.
1362 2457 1389 2470 -

172 2502 360 2575 capessendae
377 2500 422 2554 rei
436 2516 466 2570 p.
485 2503 526 2555 cf.
545 2501 583 2556 ad
601 2519 626 2559 e.
645 2503 690 2558 24.
708 2521 738 2560 n.
759 2507 785 2558 1.
815 2531 849 2542 ·-
867 2504 960 2558 tieem
978 2501 1160 2560 assarones,
1181 2501 1263 2556 Flor.
1310 2500 1388 2553 arla

173 2593 214 2630 m.
234 2592 290 2632 seo.
309 2571 373 2630 edd.
392 2570 470 2643 Spir-
489 2573 569 2644 lips.
589 2591 602 2626 s
623 2591 652 2644 q.
680 2573 778 2628 liheiis
794 2592 818 2628 c.
842 2573 902 2630 MS.
922 2573 1024 2629 Gustu
1050 2571 1152 2627 literis
1169 2589 1197 2627 c.
1217 2571 1297 2626 MSS.
1315 2569 1387 2624 llari.

173 2663 253 2718 apr.
278 2663 320 2698 sn.
339 2641 420 2698 Boii.
447 2643 501 2698 les.
528 2644 593 2700 edd.
604 2591 677 2702 ql’ut.
697 2649 722 2702 1.
741 2649 768 2703 2.
796 2647 863 2706 Ber.
891 2645 984 2700 Blaen.
1003 2649 1029 2702 1.
1056 2645 1144 2699 ceant
1162 2643 1226 2700 MS.
1245 2641 1316 2700 Bud.
1333 2639 1387 2696 edd·

55 2754 60 2764 .
171 2717 265 2774 Rhea.
284 2719 312 2776 2.
331 2719 358 2774 3.
377 2714 446 2770 Ald.
466 2714 582 2788 Gryph.
616 2744 651 2756 -
679 2722 710 2770 ut
731 2717 862 2771 mcemmo
890 2717 993 2772 aetam
1010 2731 1085 2772 auno
1104 2717 1282 2772 caumatum
1298 2712 1385 2776 iniret,

173 2793 213 2850 cf.
232 2788 268 2844 ad
285 2793 314 2855 3,
332 2791 379 2854 23,
399 2792 424 2845 1.
463 2786 537 2841 lniit
554 2805 580 2841 a.
598 2787 687 2845 xvn.
706 2788 757 2844 sod
775 2789 833 2843 iam
841 2789 980 2860 Princeps
1000 2795 1030 2842 et
1047 2788 1076 2841 le
1165 2799 1302 2852 securum
1318 2783 1386 2852 Lipr·

171 2859 323 2916 uicensimo
340 2856 398 2915 MS.
418 2857 498 2913 Flcr.
519 2885 553 2898 —·
568 2859 770 2928 proconsulare
793 2860 947 2928 imperium
964 2865 1044 2914 eutra
1090 2860 1177 2926 mem,
1206 2877 1236 2917 r.
1255 2857 1291 2912 ad
1307 2861 1332 2920 1,
1348 2856 1385 2910 ll.

173 2965 207 2978 -
224 2931 362 3002 stirscepr
380 2927 539 2998 iuuentutis,
558 2948 586 2988 r.
605 2930 678 2997 adl,
688 2934 716 2998 3,
730 2935 759 2988 3.
778 2930 1018 2986 ldiror'l'acitum
1034 2929 1086 2984 hic
1105 2931 1241 2986 omisisse
1254 2928 1324 2993 alios
1340 2925 1386 2978 ho·

172 3019 260 3061 nores
276 3001 390 3060 Neroni
407 3001 585 3058 adolescenti
603 3011 676 3055 tunc
692 3001 835 3070 decretor,
895 3018 979 3057 crum
997 3003 1140 3057 memoris
1150 3009 1248 3057 exstat
1258 3002 1290 3054 iu
1300 2997 1386 3053 aureis

61 3077 63 3084 '
171 3075 287 3143 numia3
308 3073 409 3132 Ureiu.
429 3105 462 3118 -
481 3073 622 3128 Additum
639 3073 751 3127 nomine
767 3075 832 3128 eius
869 3075 1011 3130 ouatiuum
1024 3073 1124 3141 militi,
1141 3071 1321 3143 congiarium
1332 3067 1385 3137 ple·

171 3147 232 3202 heir
250 3165 319 3203 nam
337 3145 468 3200 militum
485 3143 637 3217 plebisque
654 3147 740 3200 iaror
756 3145 963 3223 largitionibus
980 3147 1186 3201 frumentariis
1215 3152 1246 3200 et
1262 3163 1279 3199 a
1296 3141 1384 3195 Gaesa-

171 3220 214 3274 ris
232 3218 300 3272 inde
317 3232 389 3273 aevo
406 3217 597 3290 pecuniariis,
616 3223 651 3269 ut
668 3224 699 3272 et
715 3217 962 3272 viscerationibus
980 3215 1144 3288 epulisque,
1161 3217 1205 3286 (v.
1224 3215 1288 3270 luia.
1305 3215 1331 3274 8,
1346 3211 1383 3293 22.

170 3293 216 3357 33,
235 3292 280 3346 to.
298 3290 344 3356 dl,
363 3291 419 3352 28.)
439 3289 550 3361 captari
569 3287 688 3354 solebat,
707 3295 737 3342 et
755 3287 830 3344 dona
846 3287 919 3344 baec
935 3296 1002 3344 ante
1019 3289 1149 3355 comitia,
1176 3289 1211 3344 in
1235 3279 1382 3352 triumphu

171 3369 202 3416 et
218 3358 370 3415 furnius
387 3358 503 3414 ludisne
520 3359 702 3425 funebribus,
720 3359 756 3412 ab
774 3359 1003 3430 liuperatoribus
1021 3375 1093 3414 vero
1116 3358 1170 3413 sub
1193 3375 1231 3414 au
1266 3355 1321 3410 icis
1335 3352 1383 3406 im·

170 3433 250 3504 perii
270 3431 320 3486 rel
343 3431 376 3484 in
398 3429 602 3514 adoptionibus
623 3429 756 3483 filiorum
781 3448 1038 3514 successorumque
1064 3429 1182 3484 viritim
1206 3430 1242 3485 ds
1276 3434 1342 3510 ntur
1358 3427 1383 3476 tl

170 3502 316 3558 militibus
334 3509 364 3556 et
380 3499 471 3573 plebs.
500 3499 558 3554 Illa
574 3501 696 3582 proprie
713 3499 885 3558 dicebantur
902 3503 1048 3568 douotroa,
1067 3499 1140 3556 haec
1157 3500 1307 3572 campicaro
1322 3495 1381 3548 lne-

171 3574 344 3660 lrrgitionps
363 3587 463 3627 rerum
486 3573 519 3625 in
541 3571 657 3640 congius
683 3571 917 3640 distributarmu,
940 3574 1095 3639 frumenti,
1125 3572 1201 3641 riui,
1226 3571 1295 3636 clei,
1322 3563 1381 3646 salig

169 3642 1054 3794 asamaalnts.¹¹;m.aaa.¹m,
1070 3635 1380 3783 aaaron

170 3791 217 3854 51,
235 3792 279 3845 21.
298 3789 345 3853 53,
364 3789 408 3843 23.
427 3786 472 3852 55,
491 3788 534 3840 lo.
562 3783 641 3843 Suet.
660 3785 687 3839 Α
727 3789 799 3843 .41.
818 3792 862 3846 12.
891 3787 967 3842 Pliu.
983 3791 1031 3854 31,
1050 3791 1076 3844 2.
1101 3785 1178 3840 Duk.
1207 3784 1242 3841 ad
1265 3784 1325 3837 liv.
1341 3779 1380 3840 te.

170 3863 197 3916 2.
217 3861 263 3926 37,
279 3861 325 3917 52.
341 3857 440 3929 plebei
453 3855 531 3912 MSS.
549 3851 629 3913 Flor.
648 3858 731 3912 liar.
750 3858 831 3912 Bodl.
857 3859 911 3916 les.
940 3859 1039 3914 Gueli.
1067 3857 1132 3913 edd.
1159 3857 1250 3914 Bekk.
1276 3848 1378 3910 walth.

167 3931 275 4001 pleheie
293 3927 354 3986 MS·
373 3929 507 4007 Agned.
527 3926 781 4000 Spinplediedd.
801 3931 864 3985 Pus
883 3929 1149 3988 ntuentium.
1168 3936 1193 3988 1.
1214 3933 1239 3988 2
1258 3929 1352 3983 ³·ctl·

240 4005 267 4060 2.
287 4001 398 4056 ludicro
418 3999 607 4068 Circensium,
634 4001 673 4054 ei.
692 4000 758 4055 lud.
777 4000 800 4054 1.
832 4033 865 4046 -
887 4001 1078 4057 Britannicus
1104 4002 1137 4057 irs
1159 4001 1347 4072 proclamato

170 4073 292 4146 puerili,
315 4072 388 4126 Nero
406 4069 619 4141 triumphalium
638 4079 711 4126 ueste
730 4074 879 4128 mamosoli
895 4080 972 4141 sunl,
996 4075 1034 4132 cf.
1063 4073 1099 4127 ad
1117 4077 1144 4142 l,
1161 4077 1190 4142 3,
1208 4077 1233 4131 3
1254 4077 1282 4124 et
1299 4071 1323 4130 l,
1341 4007 1378 4124 lii

169 4151 197 4204 3.
214 4141 424 4214 triumphalium
441 4161 541 4198 omnes
549 4142 638 4204 mss:
645 4152 674 4199 et
684 4143 747 4202 edd.
766 4145 825 4200 nisi
843 4146 921 4218 quod
935 4146 964 4198 in
975 4144 1188 4215 triumphalium
1204 4148 1273 4199 ueste
1289 4129 1376 4190 iniis.

49 4262 64 4282 ,
236 4260 243 4274 .
280 4216 353 4285 Quia
370 4213 551 4285 triumphalis
570 4213 695 4282 dicetur,
714 4217 766 4286 qui
784 4215 970 4288 triumphum
993 4218 1034 4271 ali
1133 4232 1150 4270 o
1175 4215 1275 4275 31111,
1298 4206 1376 4273 (¹¹²3,

210 4291 282 4348 .bd.
303 4289 347 4354 14,
366 4293 392 4348 1.
412 4294 442 4342 et
459 4285 496 4342 ad
514 4292 541 4354 1,
560 4289 606 4355 22,
624 4286 667 4354 1.)
683 4301 743 4342 non
762 4288 814 4360 qui
832 4295 908 4366 aget,
936 4288 1042 4359 triump
1097 4288 1168 4344 liam
1185 4237 1240 4364 dg.
1259 4274 1376 4339 centul)lt
