2804 4790
207 211 353 280 CAPUT
373 212 423 280 x1
438 254 474 266 -
487 213 578 286 xm.
609 213 664 292 (A.
674 213 713 282 U.
728 215 804 284 0⁰8:
824 216 863 282 Δ.
874 214 911 284 G.
922 215 990 300 55.)
1150 217 1213 334 18?

28 388 119 434 rent-
134 382 194 448 sate
210 383 340 452 quedem,
358 398 397 438 an
414 383 493 455 quia,
511 400 539 438 v.
558 379 595 436 ad
612 380 640 450 ἱ,
658 385 704 450 88,
719 384 746 442 6.
766 383 901 438 Perimes
918 390 949 440 et
970 347 1082 438 artibus
1098 382 1209 464 Agrip-
1270 340 1275 350 Ι

42 453 48 466 ’
76 470 99 519 e,
114 471 183 523 quas
200 455 331 524 priorem
348 471 507 526 persaeque
524 454 696 522 amabatur,
714 455 798 510 Brut.
817 454 864 513 (tf.
883 472 908 512 o.
930 458 972 512 tt.
989 471 1037 526 pr.
1055 456 1131 522 tacto
1148 455 1209 512 MS.

65 540 85 578 r.
116 531 162 578 esst
180 524 249 595 qaia
266 525 324 580 MS.
352 525 451 584 Guelf.
480 533 507 578 et
532 525 601 596 quia
619 526 664 580 ed.
683 523 760 596 Spin.
780 557 813 572 -
849 528 1088 600 mutuaeque,
1118 543 1154 584 ae
1175 529 1209 584 ia

29 601 101 662 terre
117 603 170 655 cat.
190 595 237 655 Of.
254 596 311 652 Dio
321 596 372 666 m,
390 601 417 656 ³.
435 597 647 668 mstoebuatque
663 597 707 655 ed.
725 615 773 669 pr.
1274 607 1277 615 ’

426 737 620 826 curor
670 739 769 796 nnn

87 845 147 910 Sed
174 847 362 936 Agrippina
389 847 536 914 libertam
564 847 729 929 aemulam,
761 867 872 914 aarum
899 849 1046 918 ancillam
1079 853 1207 938 aliaque

29 927 142 994 eundem
168 933 206 993 in
231 931 367 994 modum
394 930 608 998 muliebriter
631 935 794 1009 fremeret
835 945 942 1018 neque
968 935 1214 1018 poenitentiam,

27 1013 70 1072 ilii
90 1022 143 1077 ant
168 1016 354 1078 satietatem
386 1017 548 1098 opperiri,
573 1023 761 1100 quantoque
793 1016 945 1080 foediora
972 1019 1207 1100 exprobrabat,

25 1095 109 1158 scrius
127 1095 318 1177 accendero,
349 1096 454 1160 donee
474 1101 510 1162 ri
531 1099 655 1161 amoris
675 1099 832 1166 subactus
853 1109 991 1165 exueret
1012 1098 1207 1186 obsequium

27 1177 195 1242 inmatram
225 1186 326 1264 seque
353 1179 496 1244 Senecae
523 1183 753 1263 permitterett
796 1201 837 1246 ex
861 1185 956 1246 euius
985 1187 1207 1249 familiaribus

26 1257 150 1324 lenaeus
165 1261 312 1328 Serenus
333 1264 545 1328 simulatione
565 1265 688 1328 amoris
710 1262 871 1329 adversus
893 1265 1029 1329 eandem
1050 1268 1208 1332 libertam

25 1347 121 1421 primes
140 1344 356 1409 adolescentis
387 1345 562 1430 cupidines
582 1347 754 1410 velaverat
780 1350 1044 1433 praebueratque
1074 1370 1207 1432 nomen,

25 1432 61 1502 ut,
77 1448 150 1510 quae
167 1429 329 1512 Princeps
350 1431 469 1492 furtim
488 1428 708 1493 mulierculae
728 1431 910 1511 tribuebat,
931 1433 990 1496 illo
1011 1435 1121 1517 palam
1138 1435 1206 1499 lar·
1246 1431 1267 1470 ¹·

23 1509 137 1591 giretnr.
178 1511 268 1575 Tum
291 1513 477 1598 Agrippina
496 1514 606 1578 versia
629 1512 756 1577 artibus
777 1533 839 1596 per
861 1513 1085 1581 blandimenta
1111 1519 1207 1584 iuve-

24 1609 81 1652 ueu
97 1590 242 1683 ag'gredi,
264 1615 360 1658 suum
381 1599 493 1679 potius
506 1596 698 1660 cubiculum
711 1617 749 1658 ao
770 1599 880 1660 sinum
893 1601 1015 1662 offerre
1026 1609 1206 1688 contegen-

21 1669 68 1752 dis,
85 1697 161 1758 quae
180 1678 292 1762 prima
312 1687 402 1742 aetas
428 1687 463 1742 et
489 1699 617 1743 summa
641 1683 778 1742 fortuna
804 1686 1010 1764 expeterent.
1054 1683 1141 1749 Quin
1172 1693 1207 1747 et

22 1757 160 1824 fatebatur
188 1763 458 1845 intempestivam
486 1765 700 1826 severitatem
729 1771 763 1824 et
797 1783 933 1828 suarum
967 1784 1085 1847 opum,
1121 1787 1207 1850 quae

21 1835 89 1903 haud
115 1846 232 1930 procul
260 1847 487 1930 imperatoriis
516 1846 672 1925 aberant,
704 1846 816 1928 copias
841 1843 1005 1927 tradebat,
1037 1855 1077 1910 ut
1103 1853 1207 1914 nimia

20 1941 106 2004 nuper
133 1925 318 1992 coercendo
355 1929 444 2006 filio,
489 1929 536 1992 ita
575 1949 712 1992 rursum
748 1931 1015 2013 intemperanter
1052 1929 1204 1997 demissa.

21 2003 91 2069 Quae
111 2013 255 2074 mutatio
282 2031 389 2093 neque
416 2011 588 2075 Neronem
620 2012 758 2092 fefellit,
789 2021 822 2074 et
848 2013 995 2096 proximi
1022 2018 1206 2080 amicorum

20 2093 183 2158 metuebant
204 2091 422 2176 orabantque,
446 2113 567 2160 cavere
587 2094 725 2157 insidias
746 2095 897 2158 mulieris
918 2116 1049 2180 semper
1070 2103 1206 2180 atrocis,

20 2177 74 2233 tum
92 2183 122 2236 et
139 2179 251 2243 falsae.
293 2178 393 2241 Forte
413 2179 481 2240 illis
509 2177 626 2242 diebus
649 2176 772 2242 Caesar
798 2180 948 2265 inspecto
980 2188 1113 2261 ornatu,
1141 2203 1206 2266 quo
1234 2187 1240 2201 ¹

19 2251 185 2342 Principum
206 2261 365 2349 coniuges
386 2261 435 2323 ac'
451 2271 607 2344 parentes
640 2262 843 2342 effulserant,
871 2262 989 2350 deligit
1015 2273 1143 2330 vestem
1172 2274 1208 2330 et

18 2357 136 2421 gemmas
156 2345 316 2426 misitque
336 2342 460 2407 donum
481 2345 583 2407 matri
603 2345 697 2407 nulla
717 2348 940 2428 parcimonia,
981 2368 1082 2431 quum
1108 2368 1232 2430 praa-⁴

18 2421 93 2504 cipue
116 2435 150 2489 et
173 2429 289 2512 cupita
314 2428 390 2490 eliis
419 2429 517 2512 prior
551 2426 710 2498 deferret.
759 2426 824 2491 Sed
851 2429 1037 2517 Agrippina
1063 2431 1128 2494 noa
1151 2431 1207 2496 'leis

18 2505 112 2572 neem
131 2509 238 2578 atltae
257 2530 344 2591 eoos,
365 2511 422 2574 sed
442 2513 556 2574 ceteris
578 2514 684 2579 arceri
704 2511 898 2593 proclamat,
925 2521 957 2574 et
978 2513 1121 2577 dividere
1140 2517 1206 2600 fili-

17 2605 152 2733 :prece
172 2603 291 2658 emoto
312 2613 354 2658 er
372 2597 447 2677 ipso
467 2593 610 2660 baberet.
652 2593 727 2658 Neo
747 2592 894 2674 defuere,
922 2594 980 2678 qui
1000 2596 1036 2658 in
1057 2594 1207 2662 deterius

56 2685 169 2743 emant.
849 2719 850 2722 ¹

32 2857 38 2869 ,
68 2793 89 2846 ¹·
104 2794 178 2860 saled
195 2795 366 2868 Agrippino
383 2763 511 2865 fremere,
531 2796 659 2852 libertam
671 2795 762 2854 Acten
780 2769 842 2853 esse
860 2797 998 2851 aemulam
1015 2803 1044 2852 et
1061 2795 1137 2852 hano
1155 2763 1207 2854 aa·
1252 2785 1255 2792 ’
1317 2837 1324 2848 .

16 2860 89 2916 allon
104 2867 168 2920 ieri
187 2884 299 2922 aarum.
335 2868 410 2922 Sunt
428 2871 479 2940 qui
497 2885 600 2924 auram
619 2886 679 2924 esse
697 2877 802 2941 putent
819 2868 977 2935 Octaviam,
1007 2885 1062 2924 nee
1079 2870 1208 2924 multum

16 2934 165 2993 mumadam.
205 2939 337 3012 Utroque
361 2957 446 2996 sensu
466 2940 547 2994 huno
564 2941 668 2994 ¹locum
691 2943 863 3012 eloquenter
887 2957 954 2996 suos
978 2941 1010 2994 in
1027 2959 1097 2995 usus
1115 2944 1208 2996 vertit

15 2999 97 3062 lecim
112 3009 143 3064 in
160 3018 239 3088 trag.
257 3012 442 3066 Britannicus
461 3011 523 3066 Aet.
542 3013 595 3068 111.
615 3011 660 3067 Se.
678 3015 705 3069 ³.
725 3021 755 3067 et
772 3012 819 3070 4.“
836 3013 918 3070 Brot.
938 3045 972 3056 -
1006 3011 1151 3081 opperiri.-
1175 3014 1208 3068 in
1241 3023 1245 3031 ‘

16 3073 57 3128 lli·
72 3079 164 3136 Guelf.
185 3083 279 3140 etad.
299 3081 375 3154 Spin.
394 3083 513 3153 operiri.
532 3117 566 3128 ·-
603 3085 769 3139 accendere.-
788 3086 821 3138 in
838 3082 897 3137 MS.
913 3083 993 3140 Flor.
1013 3090 1044 3137 et
1061 3083 1106 3138 ed.
1126 3082 1205 3156 Spir.

16 3152 155 3208 remeent.
175 3188 210 3199 -
249 3171 341 3225 aeque,
360 3163 395 3208 nt
411 3164 494 3210 antea
512 3155 612 3221 matri,
630 3157 674 3222 (v.
694 3173 756 3228 oep.
775 3155 818 3221 l.)
839 3155 881 3209 sie
898 3172 978 3208 nnnc
1000 3154 1120 3209 Senecae
1141 3171 1208 3226 per·

15 3221 121 3292 flitteret,
153 3225 374 3300 obsequeretur,
401 3235 435 3281 ut
457 3228 511 3282 ille
535 3245 599 3281 rem
626 3226 774 3298 publicam
802 3234 918 3281 curaret
945 3244 1031 3298 seque
1049 3227 1208 3284 ,adiuvaret

16 3293 121 3362 masilia,
179 3317 246 3366 era,
264 3299 334 3352 Ern-
354 3297 398 3354 Cf.
418 3297 474 3352 Dio
491 3299 536 3364 61,
554 3301 580 3354 3.
600 3301 627 3355 4.
647 3313 729 3368 seque
746 3297 865 3352 Senecae
881 3315 911 3367 p.
931 3297 993 3352 edd.
1012 3297 1207 3368 llyek.‚Brot.

15 3358 65 3421 Em
82 3367 126 3422 Ob.
176 3387 245 3428 ,οι
262 3369 373 3426 emend.
391 3369 464 3424 Mur.
485 3377 514 3425 et
530 3369 610 3442 Lips.
646 3385 729 3440 seque
746 3368 825 3424 MSS.
843 3369 923 3423 flor.
938 3370 1048 3424 Venti
1070 3371 1117 3437 sii,
1135 3371 1206 3450 Reg·
1248 3426 1249 3439 ,

14 3431 79 3494 ftm.
94 3439 163 3524 Agr
183 3433 269 3498 ede
292 3441 328 3496 ir.
364 3458 446 3513 seque
464 3457 529 3496 nece
545 3458 572 3509 p.
593 3449 623 3495 et
640 3442 672 3495 in
690 3459 782 3518 marg.
800 3439 955 3568 Scaeaeque
971 3459 999 3511 p.
1025 3388 1105 3498 MISS.
1125 3442 1207 3499 flor.

15 3503 70 3566 (test.
94 3511 183 3581 eeu)
214 3513 258 3566 Bu
279 3557 287 3570 .
312 3511 395 3568 Harl.
423 3513 588 3568 Bodl..1es·
614 3511 788 3584 Seneeoeque
809 3530 837 3584 p.
867 3513 928 3567 ed.
956 3513 1019 3572 Put.
1042 3519 1067 3569 1.
1086 3515 1114 3572 2.
1138 3513 1205 3572 Ber.
1254 3560 1257 3568 ,

14 3573 83 3634 iiee.
100 3587 125 3640 Ι.
143 3588 171 3643 2
190 3589 217 3642 3-
253 3585 406 3656 Seneeiqae
422 3602 449 3655 p.
479 3581 538 3638 MS.
564 3584 662 3639 Guelf.
685 3601 768 3655 aeque
785 3585 849 3640 aeri
869 3601 897 3656 p.
922 3583 1003 3642 MSS.
1030 3585 1106 3713 11prg
1120 3586 1207 3642 Fern.

15 3649 44 3701 tt
58 3651 130 3724 Spir.
167 3672 252 3726 seque
266 3673 296 3726 p.
315 3657 515 3728 suprascripto
539 3653 602 3710 neci
628 3654 688 3711 MS.
707 3657 769 3711 Vnt.
789 3673 872 3728 aeque
889 3674 939 3712 nec
955 3657 985 3712 ei
999 3674 1028 3727 p.
1134 3657 1208 3736 ligr.

15 3717 162 3798 &uereque
179 3745 211 3782 ee
226 3745 256 3797 p.
276 3729 351 3785 coni.
372 3727 497 3782 Ursinus
516 3735 546 3781 et
563 3727 721 3800 Senemque
735 3745 764 3797 p.
785 3728 864 3788 Picln
877 3736 906 3785 et
919 3728 1011 3783 Gron.
1030 3727 1088 3794 hoo
1106 3749 1207 3798 sensu:

16 3807 55 3849 ten
67 3797 283 3867 adversaretur,
301 3801 363 3855 sire
379 3799 560 3876 Agrippinae
579 3799 655 3866 odio,
689 3800 752 3854 sire
769 3809 850 3856 metu
867 3799 931 3864 illo,
954 3799 990 3855 de
1013 3818 1070 3871 quo
1092 3819 1122 3860 r.
1142 3819 1206 3874 cap.

17 3865 44 3916 12
56 3877 121 3922 ene.
140 3903 177 3916 -
216 3871 350 3926 Annaeus
366 3871 490 3927 Serenus
507 3903 525 3938 „
546 3873 690 3926 raafeetus
708 3871 835 3948 vigilum
852 3872 979 3928 Neronis
997 3880 1029 3927 st
1049 3873 1210 3939 familiaris

16 3927 121 4010 imaue,
139 3943 196 4015 qui
213 3943 365 4016 inscripsit
390 3943 484 3999 eidem
502 3889 593 3998 libros
612 3959 677 3997 suos
695 3942 731 3997 de
748 3951 844 4016 tranq.
864 3945 966 4011 animi,
985 3954 1208 4001 monumentum
1247 3951 1248 3954 ’

16 4012 101 4065 ²fateris
129 4033 158 4072 v.
179 4013 257 4068 Plin.
282 4017 329 4082 it,
351 4019 396 4074 47.
425 4013 491 4070 Seu.
517 4031 562 4086 ep.
587 4013 657 4072 63ss
681 4013 760 4084 Lips.
782 4047 815 4059 -
851 4016 1041 4071 odolescentia
1058 4017 1208 4088 cupidinea

17 4078 136 4151 “learnt
153 4103 185 4139 v.
204 4086 240 4140 ad
257 4086 285 4152 S,
304 4089 350 4145 29.
382 4086 573 4141 oentenaria
599 4083 658 4144 MS.
681 4085 763 4144 Flor.
794 4087 855 4144 edd.
875 4085 956 4159 Spir.
981 4086 1071 4144 Bekk.
1089 4087 1207 4146 walth.

15 4149 126 4228 ‘flamm
146 4189 181 4202 -
201 4158 343 4212 tribuebat
363 4191 397 4202 -
417 4158 495 4212 mne
512 4157 558 4214 ed.
578 4154 658 4230 Spir.
676 4189 710 4202 -
746 4157 812 4213 ille:
831 4161 921 4214 immo
941 4157 1012 4229 ipse,
1036 4161 1105 4234 quia
1122 4159 1208 4214 Prin-

15 4225 243 4301 anteponitur,
262 4230 333 4286 Era.
370 4228 427 4284 Sed
444 4229 479 4284 de
496 4246 583 4300 pron.
602 4229 652 4284 ille
670 4229 749 4285 idem
767 4231 862 4298 valet3
888 4229 997 4286 Watm

63 4315 86 4373 2
102 4333 186 4375 m
201 4318 299 4392 potius
315 4319 474 4376 cuticulam
490 4334 525 4374 oo
541 4319 650 4376 einans
668 4319 754 4392 „Non
771 4327 871 4394 aperte
888 4320 987 4378 fitium
1004 4323 1086 4380 adid
1103 4323 1209 4393 scelus,
