2804 4790
159 213 303 280 CAPUT
324 209 469 280 XXXV.
492 209 653 278 XXXVI.
686 207 872 291 (suffla
894 209 982 278 hc.
995 210 1063 292 5⁰.)
1165 211 1224 280 127

24 385 92 448 duae
116 385 257 472 reginae
287 371 486 470 Brigantum
512 381 698 465 petivisset,
735 380 868 444 sindus
889 399 928 444 ac
947 377 1134 446 uictoribus
1154 389 1224 444 tru-

23 469 96 530 ditns
116 475 181 548 est,
202 485 293 529 nono
320 474 398 549 poet
422 483 511 530 anno
542 485 639 549 qnam
660 464 786 529 bellum
807 467 843 526 in
862 464 1039 528 Britannia
1059 471 1222 544 coeptum.

24 549 100 614 Unde
119 553 210 612 tama
231 551 304 613 eius
325 555 442 612 evecta
462 548 587 612 insulas
608 549 820 630 etproximas
838 549 1030 632 provincias
1043 557 1225 634 pervagata

23 655 70 718 per
90 634 224 698 ltaliam
249 651 381 716 quoque
409 631 655 709 celebrabatur-3
682 632 887 714 avebantque
913 633 1035 704 visere,
1065 633 1138 713 quis
1167 632 1225 693 ille
1334 633 1337 644 '

22 725 61 780 tot
176 737 282 780 annos
309 735 388 799 opes
415 723 547 780 nostras
566 717 757 800 sprevisset.
799 715 854 778 Ne
874 714 998 778 Romae
1019 713 1153 798 quidem
1173 717 1224 804 ig-

21 801 116 864 nob'e
138 797 313 864 Caracmci
340 817 462 862 nomen
489 806 580 875 erat3
609 805 644 862 et
664 796 798 877 Caesar,
826 795 905 860 dam
926 817 1025 860 sunm
1046 796 1146 861 decas
1168 817 1224 862 ax-

21 883 106 961 tollit,
137 881 269 946 addidit
296 881 439 970 gloriam
466 883 566 947 victo.
608 881 757 946 Vocatus
789 883 924 964 qnippe,
956 889 996 944 ut
1023 881 1066 944 ad
1092 883 1225 968 insigne

19 969 241 1050 spectaculum,
279 965 433 1048 populos.
481 963 612 1028 Stetere
643 966 680 1026 in
710 964 813 1028 armis
847 965 1039 1048 praetoriae
1067 965 1224 1029 cohortes

19 1069 131 1134 eampo,
158 1051 220 1132 qni
240 1057 352 1112 castra
372 1048 551 1132 praeiacet.
594 1047 691 1112 Tunc
711 1046 941 1112 incedentibus
961 1049 1064 1136 regiis
1085 1050 1226 1112 clienta-

19 1135 51 1194 lis
70 1134 226 1216 phalerae
246 1140 460 1214 torquesque,
480 1149 628 1214 quaeque
649 1133 795 1194 externis
816 1132 911 1194 bellis
933 1132 1131 1214 quaesierat,
1154 1143 1226 1196 tra-

18 1215 123 1294 ducta3
143 1237 223 1280 mox
243 1217 368 1278 iratres
390 1223 424 1276 at
444 1216 588 1276 coniunx
609 1222 643 1278 et
662 1214 742 1294 filia,
763 1223 934 1296 postremo
946 1217 1017 1298 ipse
1029 1223 1223 1278 ostentatus.

18 1298 208 1364 Ceterorum
229 1317 346 1380 preces
368 1294 549 1384 degeneres
570 1301 667 1360 tuere
688 1319 729 1360 ex
748 1307 858 1361 metue
882 1306 916 1360 at
937 1317 1004 1360 non
1026 1296 1224 1362 Caractacus

17 1393 66 1446 ant
84 1384 183 1448 vulta
204 1380 348 1446 demisso
370 1388 429 1444 ant
449 1380 563 1444 verbis
584 1379 851 1445 misericordiam
872 1385 1057 1466 requirens.

76 1471 101 1524 1.
119 1463 348 1520 Cartimanduae
365 1460 482 1528 reginae
502 1463 680 1529 Brigantum,
704 1465 741 1518 cf.
760 1479 787 1519 e.
805 1467 850 1520 42.
876 1463 912 1518 tt
932 1469 960 1532 3,
978 1466 1023 1522 46.
1047 1471 1077 1521 et
1099 1464 1135 1519 da
1158 1464 1225 1520 Brs'·

17 1539 132 1602 entitas
150 1553 217 1607 sup.
235 1534 272 1589 ad
291 1552 315 1591 c.
334 1537 379 1590 32.
397 1553 428 1588 ιι.
447 1537 474 1592 2.
512 1533 736 1590 Cartimanduae
754 1535 816 1592 edd.
834 1536 913 1608 hips.
942 1544 973 1591 et
993 1553 1053 1592 rec.
1073 1535 1224 1592 Cartiman-

18 1610 60 1660 du
74 1607 130 1666 MS.
150 1608 235 1662 flor.
254 1605 300 1660 ed.
318 1603 396 1678 Spir.
417 1605 627 1660 Cartimanduae
644 1606 708 1663 edd
727 1607 791 1661 Put.
810 1611 836 1664 1.
854 1610 881 1665 2.
907 1608 973 1662 Ber.
995 1607 1088 1663 Rhea.
1109 1614 1133 1665 l.
1151 1610 1178 1664 2.
1196 1613 1223 1666 3.

17 1679 72 1734 lid.
97 1677 310 1734 Carrusanduae
339 1679 386 1741 (ut
402 1675 459 1730 oss.
479 1677 595 1744 Gueli.)
622 1685 652 1733 et
678 1679 894 1733 Cortumanduae
921 1677 1001 1736 MSS.
1028 1677 1107 1736 Brot.
1143 1678 1225 1732 Infra

17 1767 38 1804 c
54 1755 93 1808 42.
111 1769 127 1806 e
144 1747 210 1804 MS.
228 1749 309 1804 nor.
329 1747 514 1804 Catinasdsaa
538 1751 669 1806 enotavit
686 1750 786 1818 Furia,
814 1751 864 1806 sed
881 1751 1082 1806 Cortinonnusn
1100 1758 1131 1804 et
1155 1751 1226 1806 Car·

16 1823 132 1876 ts'rm
149 1821 258 1876 artibus
284 1821 359 1874 Vict.
380 1820 578 1875 Carts'nsandarn
595 1853 630 1866 -
655 1821 831 1876 Artimannus
855 1822 962 1876 areidae
988 1823 1032 1879 ed.
1051 1819 1128 1892 Spir.
1155 1821 1227 1876 Car-

17 1896 148 1949 tisasdans
167 1921 203 1932 -
222 1890 401 1947 Car'tr'nsanda
418 1893 523 1946 aribus
547 1891 609 1948 edd.
629 1893 694 1947 Put.
714 1895 740 1949 1.
759 1895 785 1950 2.
817 1893 883 1948 Ber.
903 1893 995 1964 Rhea.
1017 1899 1040 1950 l.
1060 1897 1087 1950 2.
1106 1896 1132 1950 3.
1157 1891 1225 1947 hld.

17 1965 46 2018 ln
67 1967 101 2024 11.
130 1969 164 2032 3,
193 1965 238 2022 46.
277 1962 509 2045 Cmts'sssanduons
544 1962 607 2019 edd
643 1963 664 2019 S
687 1965 723 2016 ir.
760 1961 842 2018 Pich.
873 1983 936 2036 sq.
974 1957 1227 2021 Cartimanduam

16 2037 163 2164 ..22
210 2043 257 2161 2
291 2033 625 2161 2....2,
640 1982 867 2164 liunt,
887 1983 996 2164 2
1041 2035 1227 2175 utto

14 2181 155 2246 patuisset,
174 2179 211 2233 ad
219 2122 300 2232 {imp
310 2147 505 2254 cohlugisset3
522 2178 589 2232 Era.
627 2150 711 2231 Fidei
728 2151 785 2234 est·
796 2185 877 2236 certa
903 2146 1097 2252 pollicitatio,
1121 2179 1227 2234 deinde

15 2250 142 2305 securitas
169 2257 199 2303 et
221 2246 325 2314 tutela,
352 2249 383 2302 in
406 2267 430 2302 r.
455 2249 662 2304 iureiurando
685 2251 839 2320 promissa.
873 2249 962 2306 Paulo
985 2260 1052 2326 post
1075 2251 1182 2306 iunctus
1200 2257 1227 2305 et

15 2323 153 2376 ndentes
172 2320 290 2373 traditas
308 2323 349 2371 est
367 2267 411 2374 ed
431 2317 508 2391 spir.
539 2352 574 2365 -
598 2337 668 2374 nono
683 2327 743 2390 post
761 2338 848 2390 anno,-
867 2324 979 2391 „immo
998 2326 1137 2396 septimo:
1158 2341 1227 2379 nam

14 2393 110 2447 tellum
128 2392 230 2462 coepit
248 2407 275 2444 a.
293 2389 330 2444 U.
349 2393 410 2447 tta.
430 2409 458 2444 v.
476 2389 533 2444 Dio
551 2393 596 2460 dil,
615 2396 659 2449 rs.
696 2391 829 2470 Pugnant
852 2398 940 2450 etiam
963 2395 1036 2452 haee
1059 2413 1125 2450 cum
1143 2395 1179 2453 11.

15 2469 49 2520 li.
65 2483 133 2521 nam
153 2460 322 2533 triumphus
342 2461 458 2535 Claudii
476 2461 590 2532 aliquot
608 2463 691 2518 annis
709 2467 850 2530 anterior,
867 2485 922 2520 nec
947 2467 979 2521 in
996 2484 1030 2523 eo
1049 2466 1153 2521 ductus
1173 2465 1228 2521 Ca·

14 2533 165 2593 netum!
182 2533 259 2600 lips.
296 2533 414 2602 „Immo
433 2533 555 2586 initium
581 2533 657 2590 belli
680 2537 841 2605 repetitum
863 2537 898 2591 ab
923 2538 995 2608 ipsis
1018 2537 1227 2593 Britannorum

14 2604 241 2671 dimensionibus,
265 2603 459 2676 expeditionis
476 2603 661 2660 Britannicae
679 2606 784 2660 musis.
812 2624 841 2662 v.
933 2645 940 2659 .
968 2611 1010 2664 1³.
1029 2611 1074 2666 14.
1099 2605 1157 2663 llio
1181 2611 1226 2676 60,

14 2683 135 2736 12—23.
158 2676 240 2730 suet.
260 2675 362 2730 Claud.
381 2679 426 2734 17.
463 2675 542 2730 llaec
560 2691 621 2730 non
636 2692 677 2747 pu
720 2684 771 2730 ant
797 2694 865 2732 cum
912 2722 919 2734 .
939 2681 968 2745 3,
986 2681 1030 2735 st.
1067 2678 1103 2731 ln
1126 2697 1160 2733 aa
1176 2697 1228 2733 au·

15 2751 101 2804 temll
257 2755 351 2818 parte,
370 2763 444 2818 quae
461 2763 541 2802 nunc
559 2747 669 2802 dicitur
700 2747 823 2801 eCosntl
840 2749 1025 2812 sesmaria,
1044 2757 1161 2819 reperta
1179 2750 1228 2804 ob·

16 2819 89 2899 longa
104 2839 126 2894 p
140 2817 224 2874 umbi
242 2817 350 2873 lamina
368 2819 400 2872 in
418 2827 573 2890 tropaeum
591 2825 688 2874 erecta
713 2825 743 2874 et
772 2819 914 2892 inscripta
943 2820 986 2875 rt.
1006 2820 1141 2874 Claudiae
1159 2821 1227 2874 Cae-

15 2907 53 2947 sar
68 2895 146 2960 Aeg.
164 2891 198 2948 Ρ.
216 2890 261 2946 Μ.
290 2891 337 2944 Tr.
356 2889 387 2945 P.
411 2889 506 2947 Vllll.
533 2891 599 2959 lap.
617 2891 702 2946 XVI.
729 2891 763 2944 de
787 2891 898 2946 Britan.
922 2911 950 2946 v.
972 2890 1130 2946 Gamhdeni
1152 2891 1227 2947 Brit.

16 2981 38 3047 p.
54 2969 111 3024 196.
151 2960 238 3018 osvii
255 2976 371 3032 quoque
388 2962 472 3014 numi
489 2961 573 3016 aurei
591 2979 658 3016 cum
677 2962 777 3016 eadam
795 2964 884 3020 inser.
913 2971 944 3018 et
967 2964 1061 3034 capite
1084 2962 1227 3029 laureato,

16 3055 40 3088 ιι
55 3051 181 3108 qnorum
200 3030 319 3088 adversa
335 3040 419 3103 parte
436 3047 520 3086 arcius
539 3031 681 3102 triumph.
701 3031 810 3088 duobus
828 3035 957 3106 tropaeis
977 3043 1006 3088 et
1025 3036 1155 3104 equestri
1166 3034 1228 3087 lm·

16 3107 147 3174 paratoria
165 3111 262 3159 statua
279 3111 399 3156 ornstsss
417 3117 485 3156 oum
502 3103 550 3155 tit.
578 3101 631 3156 DE
649 3101 866 3157 BRlTANNIS.
902 3102 974 3157 Inda
992 3104 1162 3176 accipimus,
1181 3106 1228 3160 vi-

17 3185 82 3232 ttam
98 3179 195 3232 rause
213 3175 402 3229 Csrsctseum
419 3188 495 3228 anno
512 3175 622 3244 priore.
659 3173 716 3230 Sed
732 3173 852 3230 Tacitus
869 3176 971 3246 plures
988 3193 1044 3246 per
1063 3193 1150 3232 annos
1176 3195 1227 3254 ge·

17 3245 725 3386 acaffittluuuutatltt
755 3246 1227 3374 struerentur

19 3388 448 3528 2....
461 3337 1228 3517 ..ΗΝ

20 3547 97 3586 musa.
133 3533 174 3587 Aa
193 3531 219 3586 si
237 3528 310 3600 quid
327 3538 408 3586 reete
424 3530 520 3596 video,
535 3495 759 3600 iiurtismandua
780 3549 814 3589 eo
840 3479 926 3586 tenid
947 3532 1108 3600 instruxisse
1134 3533 1228 3587 hium-

18 3601 81 3666 rh
98 3603 214 3658 Claudii
230 3601 383 3668 oidelatsr,
402 3607 436 3654 at
453 3601 580 3678 gloriam
598 3609 630 3655 et
647 3601 732 3656 decus
751 3603 896 3676 triumphi
907 3602 1029 3676 ‘pridem
1043 3603 1101 3656 acti
1117 3603 1226 3658 madito

19 3671 160 3731 &ramea
178 3679 303 3750 augeret
327 3673 507 3744 alteramque
528 3681 643 3744 partem
666 3673 819 3747 triumpho
838 3675 973 3729 adderet:
997 3690 1064 3727 nam
1088 3673 1227 3746 appendi-

21 3745 72 3800 ests
87 3745 230 3819 quaedam
248 3742 396 3814 triumphi
414 3743 567 3798 Claudiani
583 3745 644 3797 luit
660 3759 767 3816 pompa
786 3747 848 3814 ills,
867 3747 900 3799 in
918 3763 974 3817 qua
986 3745 1156 3800 Caraetacus
1174 3746 1227 3800 du·

20 3817 153 3874 eehsmr.“
173 3813 282 3872 Wstet.
299 3813 337 3868 sd
354 3814 390 3872 11.
409 3817 437 3878 ³,
455 3817 500 3872 45.
518 3813 586 3870 Non
605 3815 794 3871 Caractscum
812 3818 844 3871 in
862 3816 916 3871 illo
935 3813 1087 3888 triumpho
1105 3817 1226 3871 ductum

21 3885 78 3942 dicit
94 3887 215 3944 Tacitus
233 3886 271 3938 ll.
289 3887 318 3950 3,
336 3887 382 3943 45.
407 3901 462 3940 nac
479 3885 665 3974 triumphum
682 3905 699 3940 a
718 3886 937 3942 Cartismsndua
961 3889 1149 3955 instructum,
1175 3887 1228 3942 sed

22 3967 163 4014 astruam
180 3956 284 4023 arses,
301 3955 333 4014 h.
348 3976 375 4013 a.
394 3958 535 4014 maiorem
550 3977 650 4014 ussum
667 3959 746 4026 victo
769 3967 799 4014 et
816 3978 832 4014 a
850 3957 1071 4013 Cartismandus
1088 3957 1226 4013 Romanis

23 4033 109 4084 tradita
127 4033 295 4096 canciaco,
313 4030 382 4100 qaia
399 4037 463 4083 tuns
481 4030 599 4086 demum
616 4032 786 4114 apparuerit
803 4033 917 4085 fructus
934 4031 1084 4097 victoriae,
1109 4029 1145 4086 ds
1168 4047 1227 4100 qua

22 4111 97 4226 at:
107 4100 339 4229 nmmum,
356 4102 589 4232 Βρσὴὶῇζιιιι
607 4119 670 4228 ἦξε
687 4109 788 4226 {uesta
811 4101 937 4228 inqqlaR·
960 4119 1084 4178 egressa,
1108 4108 1143 4154 ut
1166 4101 1226 4225 prs}

21 4239 83 4327 tyn.
103 4247 158 4301 rm
175 4187 464 4301 nummio.
475 4182 982 4328 ’umidissimiiihhssii
1001 4189 1062 4244 ’qq'
1080 4189 1172 4326 Ψ
1190 4189 1206 4226 ⁸

22 4311 64 4370 ho
80 4324 265 4392 opponuw
276 4321 372 4374 tsrrse
386 4317 568 4390 mamantis
586 4315 694 4375 Wattd·
712 4331 744 4372 sn
759 4317 865 4375 insutas
875 4317 951 4374 male
968 4314 1013 4398 ed
1031 4313 1111 4388 Spir-
1122 4315 1227 4372 emtas
1301 4381 1303 4388 y

964 4243 1032 4302 eins.
1052 4241 1109 4298 Sed
1120 4243 1227 4296 samiae
1253 4227 1256 4238 ¹
1279 4294 1282 4306 ,
1361 4301 1364 4309 ,
