2800 4790
125 243 136 261 ³
172 219 320 287 CAPUT
341 221 469 298 xxvi.
491 221 636 290 XXVII.
663 221 924 305 (1118111.
947 225 1066 305 cet)
1167 229 1229 294 111

26 399 63 444 tra
78 387 214 460 lapidem,
231 396 304 461 puta
320 387 371 446 vel
389 390 473 444 verbi
492 406 576 448 cansa
593 388 626 445 in
644 405 723 446 orara
732 389 915 460 Campaniae,
935 409 1008 465 qnae
1016 391 1096 448 nitra
1110 395 1234 450 centeri·

27 479 93 514 mam
107 469 160 514 eet.
180 461 337 516 Sciendum
356 463 447 526 enim,
466 464 614 516 neminem
625 464 685 519 rele
707 471 787 518 atum
795 467 916 537 proprie
928 467 959 520 in
968 466 1164 537 Campaniam,
1181 484 1235 522 ne-

26 535 81 586 dum
97 547 198 588 omnes
217 543 248 588 et
264 551 406 606 nusquam
424 533 492 588 aiio.
511 531 663 612 Relegatio
680 481 767 618 {ebat
784 535 862 588 atera
882 535 913 589 G.
931 536 1070 608 lapidem
1088 543 1119 590 at
1136 539 1234 592 locam

26 605 90 658 ulna
106 606 300 660 centesimum
318 605 442 677 quilibet
461 605 517 660 sibi
536 605 650 683 legebat
667 608 741 677 ipse,
761 605 813 678 qni
832 606 926 661 solum
943 608 1085 679 vertebat.
1122 607 1169 662 Ex
1185 609 1234 662 his

27 693 82 730 mro
99 678 225 748 aliquos,
244 679 399 749 praecipue
416 677 568 744 lautiores,
594 677 781 749 Campaniam
799 681 972 748 praetulisse
990 687 1076 748 etque
1098 679 1170 735 huic
1187 683 1234 734 in-

26 747 105 802 vidiae
124 749 307 803 occasionem
325 748 449 814 dedisse,
468 749 539 802 eatis
559 756 604 803 est
620 750 792 803 verisimile·
813 751 857 805 Gi.
878 749 948 804 Stat.
969 740 1043 805 silv.
1063 754 1090 818 ³,
1110 754 1163 808 161
1172 751 1236 824 sq.“

26 819 98 873 Gran.
134 821 233 874 Minus
261 820 297 876 ad
319 817 572 874 determinandum
597 819 696 874 locum
723 837 810 891 quam
840 818 876 874 ad
901 819 1062 899 augendam
1091 824 1235 878 invidiam

25 899 192 945 memoratur
217 909 269 946 ara
299 891 472 959 Campaniae
494 893 709 958 amoenissima3
735 893 817 946 Brot.
853 895 886 948 in
916 909 968 947 ora
991 892 1047 947 118.
1074 893 1174 952 Guels.
1204 893 1236 947 in

24 979 90 1015 maen
107 963 294 1034 canpaniae
310 964 367 1020 MS.
387 963 468 1017 Flor.
487 961 572 1028 (teste
590 964 678 1030 Vict.)
704 972 734 1019 et
758 964 802 1018 ed·
820 963 898 1036 Sper.
927 963 983 1021 Sed
1000 968 1044 1019 cf..
1058 965 1095 1018 H.
1116 971 1141 1032 1,
1160 969 1186 1022 1.
1205 968 1236 1030 ³,

24 1037 59 1090 tt.
78 1067 109 1078 ·-
120 1034 238 1088 Ceterae
256 1035 384 1090 actionee
402 1035 434 1088 in
452 1033 573 1088 libertos
590 1035 736 1112 ingratosq
754 1037 823 1090 Era.
842 1037 977 1092 Actiones
995 1045 1062 1092 sunt
1075 1038 1126 1092 rel
1143 1039 1236 1114 snagi-

25 1115 169 1174 stretnnm,
194 1107 274 1186 leges
299 1107 334 1162 ad
357 1106 499 1179 populum
523 1105 598 1161 latae
620 1115 650 1160 et
668 1105 742 1161 SGta
766 1109 804 1162 iis
826 1110 1022 1164 referentibus
1049 1109 1086 1163 ad
1103 1117 1235 1164 senatum

24 1180 98 1244 iacta,
118 1175 210 1242 (unde
229 1180 357 1233 actiones
375 1177 562 1244 tribuniciae,
580 1179 754 1248 praetoriae,
778 1179 956 1247 consulares)
980 1181 1030 1235 rel
1055 1188 1234 1246 aenatorum,

25 1251 172 1304 sententiae
190 1251 223 1303 in
241 1259 343 1304 senatu
360 1250 454 1304 dictae
472 1256 502 1302 et
521 1251 676 1316 orationes,
702 1248 806 1320 quibus
829 1252 878 1306 lex
897 1253 1033 1307 suadetur
1055 1252 1165 1323 populo
1185 1261 1236 1306 ant

23 1320 204 1386 dissuadetur,
221 1322 273 1376 vel
291 1322 323 1375 in
342 1339 428 1376 sensu
445 1321 559 1381 forensi
579 1321 724 1375 orationes
742 1324 879 1392 petitorio
902 1330 953 1376 aut
970 1323 1159 1390 accusatoris,
1183 1325 1237 1394 qui

25 1390 87 1462 ipse,
106 1401 137 1448 et
153 1393 275 1460 actorie,
294 1394 411 1465 patroni
430 1409 594 1456 cansarum,
614 1393 749 1459 oratoris,
770 1395 822 1465 qui
841 1393 923 1446 illins
936 1394 1237 1467 nomineinaliqnem

26 1465 80 1516 eal
153 1465 215 1542 agit
233 1466 394 1518 accusando
413 1481 464 1518 sen
481 1462 623 1534 petend03
651 1479 708 1533 quo
728 1481 813 1518 sensu
831 1465 907 1518 actio
925 1474 955 1521 et
973 1465 1052 1532 actor
1074 1464 1185 1520 dicitur
1203 1465 1236 1522 0.

24 1537 59 1590 11.
77 1481 183 1593 ΐ31
211 1544 240 1590 et
258 1537 321 1604 lege
339 1551 427 1605 agere
451 1535 506 1588 ini.
532 1551 557 1591 c.
577 1537 621 1591 18.
642 1535 686 1588 cf.
705 1533 779 1588 Era.
800 1537 876 1591 clar.
896 1535 957 1594 cio.
986 1567 1019 1580 -
1044 1539 1236 1607 premimur,

23 1609 170 1672 utlt,14.
189 1611 235 1664 11.
254 1607 289 1660 H.
312 1611 337 1674 1,
361 1610 407 1664 84.
436 1605 472 1659 In
496 1604 557 1660 MS.
584 1606 682 1661 Gueli·
703 1607 870 1676 pernicem,
902 1608 934 1662 in
956 1605 1013 1663 MS.
1038 1608 1236 1674 Flsrnmsste

23 1677 102 1744 Vict.)
119 1687 150 1733 et
167 1677 211 1735 ed
232 1677 309 1750 Spir.
326 1676 498 1748 proneieeae,
517 1679 624 1734 vitiose
652 1692 708 1748 pro
723 1678 899 1745 promineat:
928 1697 996 1734 nem
1020 1682 1052 1734 in
1078 1680 1135 1737 118.
1154 1681 1235 1735 Flor.

21 1749 186 1822 pierumque
193 1750 360 1819 promiscue,
379 1766 408 1816 a,
421 1765 470 1802 am
482 1750 642 1816 scabinum.
659 1747 762 1805 Wallle.
783 1749 930 1806 ctnrak.
950 1752 986 1805 ad
1008 1751 1073 1808 niv.
1091 1755 1119 1817 ll,
1138 1755 1183 1809 17.
1207 1759 1238 1805 et

21 1821 104 1874 Gron.
129 1823 166 1876 ad
191 1821 271 1876 Gell.
289 1824 383 1893 praef.
408 1838 437 1892 p·
455 1823 483 1877 1.
521 1853 554 1866 --
586 1820 777 1876 Tribuendum
800 1821 918 1892 aliquod
935 1821 1039 1875 telnmr
1064 1839 1133 1878 nam
1151 1823 1238 1877 telum

19 1897 130 1963 proprie
148 1893 260 1948 dicitur
274 1909 363 1948 omne
381 1895 621 1960 instrumentum,
640 1909 697 1966 quo
716 1907 769 1948 noe
788 1892 970 1947 defendimus
997 1901 1049 1948 ant
1072 1894 1136 1948 rim
1159 1896 1238 1950 infe·

20 1965 114 2032 einins,
133 1973 163 2021 et
182 1962 260 2030 inde,
280 1973 315 2018 ut
331 1963 360 2022 h.
375 1958 412 2031 l.,
439 1962 650 2031 adiumentum,
675 1964 846 2033 remedium,
874 1965 1064 2035 praesidium,
1092 1967 1139 2030 (ut
1157 1965 1187 2020 0.
1207 1967 1236 2022 5.

22 2035 70 2099 11.)
87 2037 152 2090 ecit.
172 2037 218 2090 ins
237 2035 358 2091 libertos
377 2039 410 2090 in
428 2035 599 2090 servitutem
617 2033 782 2094 revocandi.
812 2067 845 2080 -
871 2051 923 2088 nec
947 2051 1036 2105 grune
1052 2037 1239 2092 monumieeie
1299 2075 1302 2080 -

18 2121 64 2172 per
80 2109 153 2162 idem
179 2108 341 2179 adaequeiam
363 2107 509 2162 retinendi
534 2107 695 2160 libertatem
712 2114 769 2162 cet.
797 2107 844 2162 Gi.
863 2107 1000 2162 Gdschen
1025 2109 1057 2162 in
1083 2107 1237 2186 Sarigny’e

20 2179 156 2236 zeitschr.
175 2181 228 2233 fiir
245 2177 420 2258 geschichtl.
439 2177 627 2236 Rechtsrrise.
647 2179 705 2242 111,
724 2182 751 2236 1.
771 2196 800 2251 p.
819 2182 921 2236 113-
935 2182 996 2238 tet.
1020 2197 1072 2234 nea
1093 2195 1184 2250 granu
1201 2211 1236 2224 -

19 2251 169 2306 retinendi=
187 2268 255 2305 nam
272 2267 362 2320 gram
378 2266 435 2322 pro
453 2265 542 2320 graue
561 2250 714 2320 negotium,
733 2251 836 2320 grania
854 2251 936 2306 labor
954 2253 1134 2307 substantive
1151 2253 1238 2324 poni-

18 2331 75 2389 ειη
95 2319 202 2380 Woitb.
222 2321 268 2378 Gi.
287 2323 322 2376 ad
341 2325 385 2391 15,
404 2323 430 2388 5,
449 2325 476 2378 1.
512 2337 563 2376 nec
576 2337 664 2391 pram
682 2319 741 2376 MS.
762 2323 861 2379 Guelf-
881 2351 915 2362 -
927 2329 958 2378 at
976 2324 1129 2379 criminum
1145 2323 1238 2378 mani-

19 2397 106 2460 icrtoe,
134 2395 176 2451 ci.
201 2394 238 2448 ad
254 2397 283 2460 1,
302 2396 348 2452 st.
368 2401 399 2448 et
423 2393 488 2448 ind.
508 2393 562 2451 111.
591 2410 621 2448 r.
640 2391 792 2448 Adiectiua
818 2394 943 2449 relatiua
967 2395 1110 2450 Genitiuie
1132 2394 1238 2450 obiecti

18 2469 114 2524 iuncta.
152 2472 184 2520 at
200 2466 353 2520 miminum
370 2463 449 2520 1188.
467 2464 547 2521 Flor.
568 2463 668 2520 Guelf.
697 2463 758 2520 edd.
779 2463 858 2536 Spir.
878 2465 998 2521 Pione
1041 2507 1048 2520 .
1075 2483 1109 2521 ac
1135 2467 1237 2520 crimi-

18 2555 75 2592 nant
92 2537 148 2591 118.
168 2537 240 2617 Reg·
260 2536 323 2594 edd.
343 2545 399 2592 cet.
420 2569 453 2581 -
473 2537 512 2590 ad
530 2537 711 2592 cervitatem:
738 2537 770 2590 in
788 2535 867 2590 MSS.
888 2537 984 2592 Gueli.
1067 2538 1165 2594 l-1es.
1198 2539 1238 2592 ad

18 2612 193 2664 rendendum.
219 2639 252 2652 -
272 2607 400 2664 retrabis
428 2609 459 2663 in
478 2608 536 2664 MS.
555 2607 635 2662 Flor.
654 2608 741 2675 (teste
757 2607 864 2675 Furia)
881 2606 1003 2661 delendi.
1040 2637 1073 2652 -
1098 2610 1237 2663 mutarie-

16 2689 72 2735 eent
89 2681 168 2736 1188.
186 2681 270 2736 Flor.
299 2679 386 2748 (teste
403 2679 493 2742 Vict.)
517 2679 588 2734 Bnd.
617 2679 679 2734 edd.
706 2679 784 2751 Spir.
803 2679 896 2734 liben-
914 2681 942 2735 1.
961 2682 980 2735 3
998 2697 1060 2752 sqq.
1084 2677 1251 2734 commutm'

17 2753 115 2808 meent
133 2751 217 2808 msS.
237 2753 338 2807 Gaelt'.
358 2751 440 2806 Harl.
460 2749 542 2805 Bodl.
569 2751 626 2826 lea.
654 2751 717 2807 cdd.
737 2751 793 2806 rel.
831 2748 1034 2805 continuieeent
1059 2753 1135 2805 coni.
1160 2750 1234 2805 Era.

16 2831 46 2876 nt
62 2828 103 2878 eit
118 2826 246 2880 imitatio
266 2825 425 2878 sententiae
444 2821 670 2878 Ciceronianae:
692 2828 736 2888 ut,
763 2839 833 2893 qaae
851 2821 980 2877 boneetae
1006 2822 1036 2875 in
1054 2823 1152 2890 officio
1169 2839 1235 2876 corn·

14 2897 104 2950 tinere
121 2913 178 2952 noa
192 2901 297 2966 parret,
316 2901 406 2948 metue
426 2899 576 2948 coerceret.
614 2891 697 2960 „Sed
715 2894 849 2962 beneficia
866 2901 1014 2968 nonlrunt
1040 2894 1235 2970 intelligenda

15 2967 46 3020 de
68 2970 308 3032 manumissione,
339 2967 438 3038 potius
466 2965 501 3020 de
527 2963 646 3020 liberali
672 2964 851 3034 conditione,
882 2983 939 3038 qua
957 2965 1235 3022 utebanturmanu-

12 3041 94 3095 missi
110 3057 181 3118 erga
197 3037 366 3112 panonoe.“
388 3033 493 3094 Waat.

427 3189 623 3269 carun
663 3177 810 3245 nuru.

88 3303 332 3367 Disserebatur
352 3308 488 3365 contra:
509 3296 687 3362 Paucorum
709 3297 831 3379 ceripam
858 3299 939 3380 ipeie
964 3300 1135 3363 exitiosam
1164 3317 1232 3364 ecee

9 3387 135 3468 debere,
155 3385 239 3452 nibil
257 3390 475 3449 uniuersorum
496 3385 562 3460 iuri
585 3383 816 3464 derogandum:
844 3386 961 3466 quippe
982 3384 1047 3447 late
1067 3383 1174 3464 furum
1194 3383 1233 3446 id

10 3492 141 3554 ενι-ραν.
181 3471 273 3534 Hinc
288 3470 473 3551 plerumque
494 3465 609 3546 tribue,
632 3467 794 3543 decuriae,
823 3469 1003 3532 ministeria
1030 3469 1231 3549 magistrati·

10 3553 65 3618 bae
89 3565 127 3618 et
147 3554 378 3624 cacerdotibus,
402 3549 547 3614 cobortes
568 3554 662 3613 etiam
683 3554 717 3615 in
738 3549 824 3615 Urbe
844 3553 1062 3632 conscriptae:
1095 3559 1127 3613 et
1153 3550 1228 3631 plu-

10 3644 96 3703 rimis
118 3637 284 3721 Equitum,
304 3637 466 3719 plerisque
486 3630 688 3698 aenatoribus
709 3652 774 3695 non
795 3633 924 3696 aliunde
943 3635 1099 3717 originem
1127 3631 1225 3698 trabi.

9 3725 46 3785 t'i
65 3733 303 3805 repararentur
324 3719 479 3796 libertini,
500 3717 699 3797 manifestam
726 3716 800 3799 fore
818 3718 984 3797 penuriam
1004 3719 1226 3798 ingenuorum.

11 3809 79 3868 ,ion
103 3806 403 3890 frustramoioree,
424 3821 517 3885 quum
538 3801 729 3884 dignitatem
749 3801 893 3864 ordinum
915 3801 1105 3878 diuiderent,
1133 3800 1229 3864 liber-

13 3901 103 3952 tatem
128 3893 163 3954 e'n
185 3891 336 3954 communi
361 3889 516 3969 poenicae.
561 3888 645 3956 Quin
672 3895 704 3947 et
730 3885 970 3948 manumittendi
997 3879 1078 3946 duas
1105 3887 1228 3964 rpemee

10 3977 194 4052 institutos,
214 3983 253 4036 ut
274 3972 508 4055 relinqueretur
526 3965 822 4050 poenitentiarum
842 3987 925 4031 nouo
946 3967 1098 4051 beneficio
1126 3968 1225 4029 locus.

12 4061 93 4126 oens
128 4058 272 4122 vindicta
297 4065 456 4137 patronae
484 4071 548 4114 non
577 4053 773 4126 liberaverit,
805 4051 892 4115 uelut
919 4049 1027 4115 vinclo
1057 4053 1226 4115 eeruitntie

10 4143 173 4207 attineri:
200 4139 389 4221 Dispicerer
418 4139 490 4221 qu‘e
512 4157 551 4202 ue
580 4140 693 4200 merita
728 4133 879 4217 tardeque
914 4134 1108 4212 concederet,
1141 4131 1228 4216 quod

9 4229 118 4290 datura
143 4241 205 4288 non
224 4225 425 4289 adimeretur.
469 4157 562 4284 ilaec
582 4217 874 4298 sententiavaluit,
894 4213 1228 4303 scripsitqnoCaeser

10 4310 159 4382 metui,
183 4310 341 4393 privatim
366 4304 591 4391 expenderent
621 4325 752 4371 oausam
779 4301 992 4449 libertorliqnq‚
1023 4299 1177 4383 quotient
1205 4319 1225 4366 a
