2872 4786
178 240 244 309 sos
399 293 402 300 .
555 231 799 304 mentun
823 231 1022 316 maura

136 449 146 476 ,
178 425 208 462 u.
226 409 251 464 1.
271 435 305 452 ··
340 405 519 490 delmona
536 398 651 484 diversi,
669 401 709 456 ci·
727 399 871 486 admi,
888 403 914 456 1.
933 401 961 466 ἱ,
978 399 1024 466 66,
1043 402 1068 481 1τ
1094 397 1250 482 stimi,
1268 400 1296 454 1.
1326 402 1397 479 eter-

178 473 601 604 dissidioso.
613 487 841 612 ‘misi
859 470 1021 611 tilii·
1039 485 1271 594 ”imm
1295 475 1398 594 :tt

179 621 260 678 flor.
279 627 354 676 teste
372 619 448 672 Vict.
468 649 503 662 --
538 615 719 683 desolatoque,
736 632 766 667 v.
784 615 821 670 ad
838 618 865 681 1,
883 617 929 681 36,
947 618 974 673 ³.
999 618 1041 668 est
1057 613 1187 666 additum
1205 614 1238 666 iu
1256 611 1302 668 ed.
1319 609 1396 682 spir.

180 701 210 748 et
227 707 259 744 ne
284 699 351 746 ante
372 695 476 761 porea
501 687 639 746 onumen
663 688 695 744 in
718 685 777 742 tto.
804 685 903 744 Gueli.
923 717 957 730 -
993 699 1120 738 mernere
1142 684 1277 754 muto,
1305 699 1335 736 v.
1363 681 1399 735 sd

179 769 206 831 1.
229 765 274 832 os,
294 766 321 822 a.

608 917 800 976 carun
832 901 964 976 'xxxa

262 1047 351 1112 'I'nrn
381 1050 610 1136 interrogante
639 1056 844 1123 accusatore,
878 1065 920 1108 an
947 1043 1059 1107 cultus
1094 1040 1232 1120 dotales,
1269 1059 1314 1104 sn
1341 1036 1396 1101 de-

180 1140 326 1202 tractum
347 1133 472 1195 cervici
493 1131 618 1194 monile
633 1149 755 1194 venum
776 1128 930 1206 dedisset,
952 1147 1017 1210 quo
1038 1128 1213 1209 pecuniam
1236 1121 1396 1186 faciendis

180 1217 316 1302 magicis
337 1217 440 1278 sacris
461 1211 694 1277 contrahenti
721 1213 867 1295 primurn
888 1221 992 1274 strata
1013 1211 1107 1272 humi
1129 1209 1295 1296 longoque
1316 1209 1398 1268 fletu

181 1305 215 1362 et
236 1299 383 1376 silentio,
404 1306 482 1383 post
501 1298 622 1359 altaria
642 1305 677 1360 et
697 1315 789 1357 aram
802 1295 982 1378 complexa,
1004 1293 1121 1371 nullos,
1143 1293 1262 1374 inquit,
1285 1293 1398 1374 inpios

180 1380 268 1458 deos,
299 1381 404 1444 nullas
431 1381 627 1460 devotiones,
662 1397 719 1442 nec
745 1378 836 1442 aliod
860 1375 1047 1460 infelicibus
1071 1375 1221 1458 precibus
1248 1375 1399 1438 invocavi

180 1483 273 1550 qnam
292 1473 329 1526 ot
350 1463 434 1528 lione
455 1467 602 1546 optimum
619 1471 741 1544 petrem
765 1471 810 1536 tn,
831 1459 963 1540 Caesar,
986 1459 1064 1539 voss
1074 1457 1201 1536 Patres,
1222 1461 1398 1522 servaretis

180 1549 370 1613 incolomem.
412 1545 472 1613 Sic
500 1561 637 1631 gemmus
669 1556 701 1609 et
730 1556 832 1609 vestes
864 1555 897 1608 et
924 1546 1101 1627 dignitatis
1134 1544 1283 1624 insignio
1314 1542 1398 1617 dedi,

180 1631 345 1779 promocio,
366 1632 396 1695 si
416 1636 602 1714 sanguinem
622 1637 654 1692 et
675 1633 772 1693 vitum
790 1632 1021 1711 poposcissent.
1059 1625 1208 1693 Viderint
1230 1627 1292 1689 isli
1311 1635 1398 1687 nute-

205 1714 340 1780 aemilii
366 1718 486 1798 ignoti,
518 1734 582 1798 qno
607 1710 731 1776 nomine
755 1716 833 1792 sint,
867 1733 947 1795 qnos
974 1719 1061 1774 artes
1089 1719 1274 1772 exerceant.-
1309 1707 1399 1772 stello
1427 1761 1428 1770 ,

181 1799 259 1864 milti
278 1797 443 1880 Principis
469 1801 585 1862 mentio
612 1799 678 1862 nisi
703 1799 788 1861 inter
808 1801 936 1860 numina
961 1794 1040 1876 fnit.
1083 1795 1197 1858 Nescit
1220 1803 1324 1857 tornes
1344 1796 1397 1856 rai-

116 1937 125 1961 ,
181 1886 331 1948 serrirrros
349 1891 455 1964 poter,
477 1891 519 1962 et,
541 1885 572 1946 si
593 1885 707 1945 crimen
727 1889 787 1959 est,
814 1879 885 1943 solo
905 1880 1036 1962 deliqui.

253 2005 278 2059 1.
302 2017 339 2054 nn
357 2000 444 2054 cultos
461 2001 576 2066 dotales,
605 2017 633 2058 v.
657 1997 904 2067 adnittente
925 2012 980 2070 pro
1005 2012 1096 2050 onnon
1113 1993 1226 2049 dictum
1243 1983 1398 2048 censebant

181 2071 254 2128 Ern.
275 2080 306 2127 et
323 2071 403 2126 Brot.
440 2071 496 2126 Sed
512 2090 540 2128 v.
560 2069 597 2126 ad
617 2075 641 2137 1,
660 2073 688 2138 6,
706 2073 732 2127 3.
752 2098 786 2110 -
821 2087 911 2124 oenum
929 2069 1060 2133 dedisset,
1076 2085 1105 2124 v.
1125 2067 1161 2120 ad
1177 2069 1206 2131 4,
1224 2070 1250 2130 1,
1269 2068 1296 2122 2
1315 2067 1399 2118 Ama·

167 2161 215 2202 rs
233 2150 278 2198 est
295 2144 487 2219 interrogatio
512 2141 641 2196 hominis
664 2141 839 2266 turpissimi,
869 2141 980 2196 directa
997 2139 1040 2225 ,ad
1065 2137 1278 2211 supplicantem
1296 2135 1398 2214 lugen-

41 2222 44 2230 “
73 2277 79 2288 Ι
181 2223 308 2286 temque,
327 2231 399 2284 quaa
416 2222 512 2270 restes
530 2221 656 2266 mutasse
672 2214 706 2266 vi
727 2221 803 2280 etur,
822 2220 856 2265 ut
874 2213 1091 2266 miserationem
1108 2217 1250 2266 moveret.
1271 2227 1299 2263 v.
1319 2212 1354 2262 ad
1370 2211 1397 2273 2,

124 2281 128 2298 '
182 2288 227 2351 29,
247 2291 271 2344 1.
309 2285 375 2355 lpse
393 2292 489 2339 tamen
507 2283 594 2356 paulo
613 2290 680 2354 post
696 2283 864 2354 profitetur,
883 2301 937 2338 cnr
957 2297 1076 2348 gemeres
1099 2289 1125 2334 et
1148 2287 1235 2332 nester
1261 2286 1288 2332 et
1305 2281 1398 2346 digni-

182 2357 250 2409 tatis
267 2355 391 2420 insignio
410 2355 525 2422 dederit,
543 2372 650 2409 venum
669 2352 792 2412 dederit.
828 2355 875 2408 Ex
899 2371 955 2427 quo
980 2353 1069 2408 simul
1091 2353 1154 2407 inte
1181 2352 1189 2365 '
1214 2351 1284 2418 'tur,
1309 2369 1399 2421 quan·

182 2436 245 2480 turn
264 2427 358 2503 tnagis
386 2435 416 2482 et
434 2425 586 2482 Chaldaeis
605 2425 704 2480 datum
723 2425 771 2480 sit.
789 2460 823 2472 -
860 2444 909 2495 qao
933 2425 1004 2494 (ut)
1029 2425 1171 2496 pecuniosa
1203 2423 1329 2476 uniendis
1346 2437 1399 2475 nra-

181 2497 258 2564 gicie
279 2499 369 2551 saeris
393 2497 572 2562 contr-oleret,
596 2499 635 2555 ci.
663 2496 699 2551 ad
717 2514 777 2568 cap.
797 2501 841 2554 30.
860 2500 926 2554 Μ
954 2505 983 2552 et
1001 2495 1064 2551 Ind.
1082 2495 1137 2549 111.
1164 2511 1193 2548 v.
1214 2493 1354 2546 Gernsdio
1371 2495 1399 2545 ia

182 2571 283 2624 dativo.
303 2601 336 2613 --
373 2571 478 2624 altorio
495 2578 523 2623 et
540 2586 624 2636 orem,
642 2576 764 2636 „utrum
781 2569 937 2636 Victoriae,
956 2585 1029 2639 qnae
1048 2575 1116 2622 ante
1135 2565 1267 2618 curiam?
1290 2563 1399 2620 an‘Ve-

182 2643 263 2696 neris
288 2641 468 2707 Genetricis,
495 2641 527 2694 in
550 2643 632 2695 cuius
663 2639 774 2712 templo
801 2657 879 2694 nunc
904 2637 1068 2694 senatus‘l“
1092 2638 1168 2705 Line.
1204 2637 1268 2690 Hoc
1285 2654 1397 2692 rerum.

182 2712 229 2769 (ii.
249 2729 273 2770 c.
292 2715 339 2770 2⁷.
362 2712 547 2768 ·Arannte1n
566 2713 598 2766 in
615 2710 729 2786 προνάῳ
755 2720 827 2766 erat.
853 2711 897 2766 Gi.
916 2712 1020 2782 Heyne
1044 2707 1080 2763 ad
1096 2711 1179 2785 Virg.
1200 2707 1273 2766 Aen.
1291 2710 1321 2773 6,
1341 2711 1397 2764 tat

181 2783 296 2838 Altaria
321 2791 351 2838 et
374 2799 426 2838 nro
449 2800 621 2856 synonyma,
654 2788 688 2835 ut
712 2799 757 2853 ap.
784 2783 860 2840 Ptin.
882 2800 949 2854 pan.
973 2788 997 2839 1.
1034 2779 1209 2853 „Emphasis
1232 2797 1320 2834 causa
1344 2781 1399 2834 duo

182 2855 381 2922 nominantur,
401 2873 474 2927 quae
493 2857 647 2910 coniuncta
665 2862 756 2910 erant.
792 2855 866 2909 Nam
885 2854 975 2907 altere
999 2861 1043 2908 est
1074 2855 1208 2924 superior
1229 2867 1298 2922 pars
1324 2867 1398 2916 (σοι,
1427 2869 1428 2872 ’

152 2987 155 2994 ,
182 2928 214 2982 in
232 2944 287 2997 qna
305 2942 384 2980 sacra
403 2927 563 2981 adolentur.
600 2925 678 2979 Hinc
704 2925 805 2978 altoris
829 2940 904 2978 orem
928 2925 1007 2978 dixit
1021 2924 1195 2978 Prudentius
1218 2923 1250 2976 in
1269 2922 1398 2978 cathem.
1427 2937 1428 2940 ’

182 3001 209 3064 i,
232 3001 292 3055 203.
323 3006 352 3052 et
378 2997 538 3070 Peristeph.
567 3000 612 3066 lt,
637 2995 703 3054 to.“
728 2996 834 3052 Wotrt.
860 2995 905 3050 Gi.
933 2996 1015 3052 Serv.
1034 2993 1070 3049 ad
1086 2997 1168 3072 Virg.
1188 2994 1241 3048 ecl.
1260 2997 1287 3060 6,
1307 2997 1353 3050 66.
1372 3001 1401 3048 et
1427 3051 1428 3058 ,

182 3071 252 3124 Aen.
271 3071 298 3134 i,
317 3070 379 3125 ⁵15.
397 3071 424 3133 e,
447 3072 503 3126 124.
523 3071 605 3124 cuins
622 3067 711 3124 verba
733 3075 820 3124 sunt:
848 3068 979 3122 Allare
1002 3069 1037 3128 nd
1060 3069 1174 3134 'nltas,
1204 3066 1267 3134 pain
1288 3068 1400 3134 proprie

181 3142 324 3208 signifieat
350 3147 506 3206 roggerium
530 3157 548 3194 n
575 3147 651 3194 terro
676 3142 834 3206 exaltatam,
865 3140 894 3194 irs
917 3157 968 3209 qno
992 3138 1048 3192 diis
1072 3143 1172 3192 tormen
1189 3139 1296 3207 sepem
1319 3151 1400 3190 rann

181 3215 264 3280 finnt.-
282 3226 363 3280 piare
383 3212 475 3279 differt
494 3213 527 3266 nt
545 3227 625 3278 arn,
644 3227 712 3280 quoe
729 3211 856 3266 humilior
874 3218 914 3264 est
926 3219 958 3264 et
976 3217 1028 3263 turn
1046 3209 1146 3276 inferis
1164 3215 1215 3262 turn
1224 3209 1332 3276 superis
1346 3210 1399 3262 diis

181 3283 310 3346 mouerit.
348 3281 494 3337 stactem
511 3283 541 3336 r'rr
558 3299 623 3336 nro
641 3289 689 3336 ent
705 3283 874 3350 supplicatur
898 3289 945 3337 aot
970 3283 1072 3336 tilrotar
1096 3287 1205 3346 leston,
1229 3280 1260 3333 in
1282 3279 1399 3334 ulturi

182 3354 293 3407 victine
310 3355 442 3407 adoletur.
480 3355 526 3407 Ad
551 3353 617 3410 lroec
644 3355 764 3407 ottnre
789 3355 895 3408 deorum
919 3369 977 3406 esee
1001 3353 1114 3417 dieitur,
1141 3367 1205 3405 orn
1229 3357 1397 3408 neruorum

182 3441 260 3480 orem
279 3428 432 3496 complexa.-
458 3442 526 3480 nam
542 3433 696 3497 precantes
714 3427 900 3498 iurantesque
919 3443 998 3480 aram
1017 3432 1138 3501 tangere
1156 3421 1296 3480 solebant.
1335 3439 1397 3476 ron·

181 3497 414 3565 plero,cf.1nd.
434 3496 488 3552 111.
506 3515 533 3552 v.
553 3495 709 3566 Particips'n
733 3499 807 3568 perf.
833 3500 971 3552 cerdonem
988 3497 1127 3564 deponent.
1152 3497 1288 3566 ἀορίστως
1310 3495 1398 3564 posits

180 3584 232 3638 pro
254 3575 327 3636 part.
353 3583 440 3636 prore.
467 3601 500 3612 -
537 3568 632 3638 impios
658 3570 730 3634 deor,
758 3571 809 3639 qui
834 3570 865 3624 in
891 3569 1053 3652 perniciem
1078 3568 1210 3634 alterius,
1244 3569 1397 3639 praecipue

181 3639 337 3710 Principis,
355 3639 560 3711 implorantur,
579 3641 663 3695 utin
680 3641 802 3717 magicis
821 3643 928 3708 saeris;
948 3641 1015 3694 Em.
1035 3639 1081 3693 Os.
1101 3637 1138 3692 ad
1161 3655 1184 3692 c.
1203 3643 1250 3696 36.
1270 3657 1300 3692 ιι.
1320 3641 1347 3696 2
1366 3671 1396 3682 -

183 3711 347 3780 devotiones,
372 3728 400 3767 v.
426 3709 462 3764 ad
487 3716 514 3779 2,
534 3715 579 3780 69,
604 3715 630 3770 2
649 3745 681 3757 -
718 3729 767 3765 nec
786 3713 877 3766 aliod:
905 3713 937 3766 in
960 3711 1019 3766 MS.
1045 3709 1144 3767 Gneli'.
1169 3725 1218 3763 nec
1240 3709 1350 3778 aliquid
1365 3741 1395 3752 -

182 3797 267 3852 ᾳιιαιιι,
286 3784 343 3836 Vix
361 3781 489 3837 abstineo
508 3783 580 3854 quin
598 3800 752 3856 reponam,
779 3783 884 3839 Woltl.
914 3782 959 3839 Cf.
980 3784 1017 3837 ad
1036 3787 1060 3850 l,
1078 3783 1106 3848 4,
1124 3784 1151 3838 6.
1171 3813 1205 3825 -
1241 3781 1397 3848 infelicitas

181 3855 315 3923 precidere,
333 3872 363 3909 v.
382 3852 418 3907 ad
435 3855 463 3922 Ἰ,
482 3856 526 3920 75,
546 3858 572 3909 1.
593 3887 626 3898 -
662 3871 722 3921 vor,
738 3863 831 3923 potres
848 3853 926 3920 MSS.
945 3855 1026 3912 Flor.
1045 3853 1087 3909 lie
1110 3849 1222 3910 [corb.
1245 3853 1315 3928 Agr.
1336 3849 1395 3907 edd.

183 3923 203 3979 S
219 3929 261 4053 ἐν.
282 3925 373 3998 Ryck.
392 3925 472 3984 Brot.
491 3925 609 3986 Walth.
628 3925 717 3983 Bekk.
737 3925 810 3991 Ritt.
837 3934 865 3982 et
882 3929 1093 3998 constraverit
1137 3967 1143 3978 .
1162 3924 1232 3980 liud.
1252 3924 1351 3980 Guelf.
1370 3930 1397 3978 et

240 4037 247 4052 .
270 4005 326 4055 cet.

137 4175 143 4186 χ
252 4105 280 4162 2·
306 4083 493 4171 stc'genmr
511 4133 544 4146 -
563 4105 639 4174 dedi,
667 4105 803 4174 quomodo,
827 4104 1075 4177 quemadmodum,
1099 4115 1133 4159 ut
1149 4106 1220 4182 Agr.
1240 4107 1287 4164 34.
1306 4104 1337 4159 0.
1355 4103 1395 4160 36

183 4178 228 4234 39.
247 4173 305 4240 41.)
323 4174 386 4232 scil.
406 4177 558 4234 dedissem.
576 4209 610 4222 -
647 4182 673 4231 et
692 4175 839 4242 dignitatis
856 4176 984 4243 insignio
1001 4175 1165 4249 „appositio
1183 4175 1234 4232 vel
1252 4183 1279 4230 et
1307 4175 1395 4243 iinm-

185 4245 270 4314 ιικόν,
288 4247 330 4315 (v,
347 4246 382 4303 ad
400 4252 426 4315 l,
437 4251 481 4317 3³,
496 4247 537 4324 2.)
554 4255 733 4322 ¹synonymae
750 4256 847 4304 autem
866 4265 950 4306 voces
968 4249 1125 4318 menius!
1144 4257 1174 4304 et
1191 4249 1285 4313 niteas,
1304 4257 1338 4303 ut
1354 4265 1394 4316 ap.
1427 4261 1428 4264 ’
