2854 4788
161 171 245 306 sss'
542 189 788 258 summum
807 189 892 256 uus
915 189 1009 256 xvu.
1094 194 1101 204 ·

162 365 235 420 Nam
252 361 302 418 illi
318 363 381 420 dies
397 368 601 431 pertenentem,
629 373 685 414 nae
702 355 806 424 officiis
833 361 860 410 et
878 354 1089 410 oblectamentis
1106 353 1181 410 ailae
1200 353 1374 422 transigeba-

162 445 227 492 tar:
248 433 334 502 „vida
353 450 457 490 verum
473 430 553 484 huno
570 427 786 514 adversipedsm
804 434 834 482 st
851 429 1027 504 lucifugum,
1047 428 1195 482 utimini
1213 425 1371 498 appellant:

161 509 226 564 dise
244 503 293 560 illi
311 522 370 560 nox
389 511 451 558 erat
469 511 499 558 et
516 517 575 556 nox
591 518 646 572 pro
665 500 721 554 dre.
759 499 884 554 Pulchre
908 500 1027 554 omuino
1054 499 1126 554 istos
1148 498 1284 552 homines
1310 513 1372 550 rere

162 593 316 651 perversas
334 575 473 631 describit
491 581 520 628 et
538 572 638 642 culpet
656 571 798 626 Senecae
820 610 826 624 .
849 574 909 628 12³.
928 571 1014 636 (122)
1042 589 1128 640 quem
1150 569 1251 624 locum
1275 571 1314 620 ita
1335 568 1373 618 di·

162 651 299 726 stinguo:
318 647 421 702 Luaett
439 643 530 700 somni
548 649 660 712 ternpus.
690 642 776 698 Quies
798 589 887 708 inor)
906 643 967 696 eetl
1000 658 1073 696 nana
1097 655 1283 706 exerceamus,
1309 654 1373 690 nane

162 727 315 790 gratemur,
333 735 407 774 nana
421 717 618 786 prandeamus.
655 715 718 767 lam
734 716 781 768 tae
797 715 915 784 propias
932 713 1065 768 accedit?
1087 719 1194 780 ternpus
1213 719 1255 765 eet
1273 725 1370 764 caenae.

162 793 250 846 Poura
268 791 309 845 ibi
327 790 395 845 ride
413 797 443 842 et
460 787 531 842 adde
548 786 621 840 haec
638 786 800 857 Lampridii
817 787 849 838 in
867 785 982 858 Heliog.
1003 801 1028 840 c.
1048 787 1092 842 18.
1129 783 1260 837 Traieeit
1278 787 1303 836 el
1322 782 1373 833 die-

162 882 224 918 ram
248 869 326 918 actae
351 861 474 916 noctibae
502 865 527 914 et
547 865 699 912 nocturnos
718 857 823 922 dietae,
848 857 1002 910 aestimans
1025 853 1075 910 boc
1093 857 1169 908 inter
1193 855 1371 908 instruereris
1409 899 1410 902 ,

163 936 304 1000 lutariae,
322 933 363 987 ita
380 939 410 986 at
429 946 493 985 sero
512 930 546 984 de
564 946 658 983 somno
676 935 806 998 surgeret
828 935 855 980 et
874 929 995 981 salutari
1018 927 1164 996 inciperet,
1190 943 1271 980 marre
1293 933 1371 976 autem

163 1007 290 1062 dormire
308 1002 494 1074 inceptaret.“
513 1000 637 1070 Lipsiae.
671 1016 725 1069 per
742 999 878 1060 somnians
895 998 952 1053 MS.
972 996 1052 1052 Flor.
1071 1005 1146 1053 testa
1163 998 1258 1051 Furia
1275 1003 1303 1051 et
1319 995 1371 1066 qai·

162 1077 451 1148 impersonatam
470 1073 514 1130 et.
534 1071 611 1143 Spir.
647 1071 877 1140 traneigebantur
893 1069 949 1126 MS.
969 1071 1040 1144 Agr.
1061 1077 1091 1124 et
1107 1069 1150 1126 ad.
1172 1067 1252 1140 Spir.
1267 1102 1297 1112 -
1313 1084 1370 1134 pro-
1409 1069 1410 1082 ¹

162 1151 290 1222 fligator,
317 1151 356 1204 ct.
376 1145 440 1204 lud.
460 1144 513 1200 111.
543 1163 571 1202 v.
596 1145 687 1200 Verba
707 1143 806 1197 Tacito
828 1144 948 1214 propria
974 1149 1013 1212 p.'
1028 1144 1090 1198 839·
1111 1169 1144 1180 -
1191 1142 1243 1195 sed
1271 1139 1371 1194 erudito

163 1223 246 1276 laxa:
277 1219 414 1287 „Tacitus
437 1219 560 1270 tortasse
580 1216 699 1287 scripsit
718 1216 844 1268 eruditus
861 1217 936 1280 luna,
961 1222 995 1268 ut
1012 1229 1058 1284 ap.
1079 1211 1138 1266 cie.
1159 1229 1203 1268 or.
1224 1228 1279 1284 pro
1296 1209 1370 1264 Bulbo

163 1295 253 1350 (120.
279 1292 386 1344 Marius
410 1288 521 1342 dieitur
545 1287 696 1356 stipendiis
721 1293 747 1342 et
774 1285 966 1356 legationibus
992 1285 1131 1350 nuditus,
1159 1302 1252 1354 quare
1271 1291 1298 1338 st
1314 1294 1372 1336 mox
1409 1281 1410 1350 J

163 1363 322 1434 elegantiae
353 1360 459 1414 arbiter
491 1357 657 1430 appellatur
689 1357 874 1412 Petronius.“
904 1359 1023 1413 Cramer
1052 1355 1090 1410 ad
1120 1353 1222 1409 Schol.
1250 1353 1370 1408 duvenal.
1409 1357 1410 1366 ¹

186 1439 273 1492 .27t.
315 1433 475 1508 vulgatam
502 1438 599 1484 tamen
625 1428 773 1484 iubebatur
799 1431 910 1484 erudito
934 1430 1001 1483 laza
1025 1443 1084 1480 non
1110 1435 1155 1482 est
1180 1427 1368 1482 damnandus.

162 1453 209 1561 gt.
226 1507 290 1563 lud.
310 1505 361 1559 111.
381 1523 411 1558 v.
430 1501 562 1556 Ablatior'
579 1503 730 1572 qualitatis
752 1503 991 1557 substantiam-ant
1014 1507 1042 1554 et
1059 1500 1273 1555 adiectione-ans.
1307 1499 1371 1552 Ger·

163 1581 276 1634 maniae
294 1577 405 1633 dixeris
424 1577 483 1630 ain
502 1575 651 1630 Mensah
675 1595 743 1631 ron
767 1573 1137 1632 etudierterSohvral
1172 1575 1262 1630 erei.
1282 1600 1313 1612 -
1344 1588 1372 1623 ac

163 1652 242 1706 dicta
259 1652 390 1722 factaque
408 1649 469 1702 eius
488 1657 589 1720 quanto
607 1648 755 1714 solutiora,
776 1651 813 1702 ci.
834 1648 870 1702 ad
889 1649 919 1703 0.
941 1649 982 1704 18.
1001 1666 1030 1700 n.
1049 1649 1077 1704 b.
1094 1656 1125 1701 et
1180 1647 1209 1702 d.
1221 1645 1260 1700 11.
1277 1664 1304 1700 r.
1321 1645 1371 1698 Sot-

163 1741 237 1782 aere.
274 1738 384 1776 acnon
402 1722 497 1776 estin
515 1719 572 1774 tta
591 1721 661 1774 Bud.
682 1752 714 1764 -
748 1722 884 1792 qtsandam
902 1719 946 1774 eui
966 1718 1162 1788 negligentiam
1180 1719 1370 1788 praeferentia,

163 1795 354 1862 ν.ι(11,53.
375 1801 451 1849 extr.
471 1802 500 1850 et
518 1794 581 1850 lud.
601 1791 655 1846 111.
681 1811 708 1851 r.
727 1791 881 1848 Pronamen
905 1792 1085 1862 reciprocum.
1122 1793 1244 1863 quadarn
1268 1791 1312 1845 eui
1332 1806 1370 1842 ne·

148 1867 304 1938 -gligentia
319 1865 497 1936 preterentia
524 1865 582 1920 MS.
603 1865 703 1922 Guelf.
1062 1928 1063 1931 Ἴ

112 1987 115 1996 .
234 1942 260 1995 2
279 1937 434 1994 stooonsal
451 1943 545 1991 tamen
562 1934 714 2006 Bithyniae
732 1944 760 1992 et
776 1955 841 1992 mor
857 1939 967 1992 canent.-
996 1937 1093 2006 itaque
1111 1937 1198 2007 prius
1215 1933 1369 2008 proconsul,

162 2010 269 2065 deinde
287 2009 390 2064 consul
408 2007 557 2074 suffectus,
576 2025 633 2078 quo
652 2025 738 2078 enno,
757 2027 818 2064 nou
835 2011 952 2076 iuveni3
979 2008 1062 2078 llyclt
1091 2017 1121 2062 et
1138 2009 1224 2062 Brut.
1256 2027 1284 2062 e.
1300 2007 1331 2060 ad
1348 2012 1368 2068 1,

163 2085 210 2148 74,
229 2087 254 2138 1.
281 2091 311 2135 at
333 2079 416 2156 Pigh.
441 2081 546 2137 Annal.
575 2080 611 2134 ad
628 2098 653 2133 e.
672 2083 731 2138 sta.
753 2113 786 2126 --
823 2083 965 2151 uigentem
987 2079 1065 2138 MSS.
1087 2079 1174 2134 Gorb.
1203 2075 1368 2134 uariauit

163 2155 220 2208 les.
240 2153 309 2206 But.
330 2152 428 2206 Gustu
450 2151 513 2206 edd.
531 2149 625 2206 Rben.
644 2155 670 2208 1.
689 2155 716 2207 3.
735 2171 797 2224 sqq.
835 2154 979 2222 ingentem
1006 2151 1065 2206 MS.
1085 2151 1155 2238 Reg.
1184 2151 1249 2206 edd.
1272 2152 1369 2224 primae
1409 2197 1410 2200 ,

163 2232 193 2280 et
211 2225 243 2278 in
260 2223 308 2276 his
325 2223 389 2277 Ber.
412 2221 460 2284 (ad
478 2239 564 2292 quem
583 2224 675 2276 tacuit
693 2223 780 2291 vict.)
800 2223 892 2281 Rhea.
915 2233 938 2282 1.
977 2225 1051 2292 Quae
1070 2231 1200 2294 renatas
1224 2225 1369 2294 scriptume

164 2301 208 2350 est
227 2296 315 2349 etiam
334 2297 378 2359 15,
397 2297 440 2349 53.
463 2293 498 2344 11.
518 2297 546 2358 t,
564 2295 607 2350 bb.
628 2300 657 2346 et
674 2293 712 2347 al.
729 2326 761 2337 -
792 2297 857 2350 dein
875 2297 1020 2351 revolutae
1039 2295 1077 2349 ad
1093 2294 1165 2348 vitia
1184 2311 1234 2348 eea
1252 2295 1369 2346 vitiorum

163 2367 351 2420 imitationem
367 2363 445 2421 MSS.
466 2363 692 2434 caetratique
716 2373 746 2420 et
773 2367 834 2422 edd.
854 2367 932 2440 Spir.
952 2368 1013 2422 Put.
1035 2373 1058 2424 1.
1078 2368 1105 2422 2.
1123 2367 1192 2420 Ber.
1221 2365 1273 2431 (ad
1297 2379 1367 2434 quam

163 2435 248 2492 siluit
264 2436 354 2504 Vim.)
372 2435 463 2494 Rhea.
486 2441 511 2491 1.
536 2437 617 2506 Lips.
643 2435 722 2490 Picis.
749 2436 823 2492 Ero.
849 2439 953 2494 Kiessl.
974 2435 1091 2496 walth.
1128 2438 1286 2492 imitatione
1302 2433 1367 2488 tiss.

162 2508 245 2580 qur.
265 2507 305 2573 (si
323 2525 428 2563 verum
445 2507 523 2561 vidit
541 2507 599 2561 leo.
620 2507 798 2576 Gronovius)
816 2509 887 2565 But.
905 2509 996 2566 Rhen.
1016 2513 1042 2567 2.
1062 2513 1088 2566 ³.
1114 2509 1180 2564 ald.
1201 2509 1263 2582 Rip.
1288 2503 1368 2562 otest

162 2581 237 2638 Lus.
256 2579 346 2635 Bekk.
366 2580 438 2638 nin.
475 2578 537 2645 „tta
556 2595 655 2635 aeneus
674 2587 728 2644 aet,
756 2597 806 2636 eeu
833 2583 901 2654 quia
919 2583 954 2636 ad
979 2583 1053 2634 vitia
1071 2581 1225 2635 revolutus
1251 2588 1301 2644 est,
1328 2592 1369 2630 eeu

206 2653 233 2706 ie
251 2652 420 2708 imitabatur
446 2651 529 2704 vitia.
555 2649 612 2715 (Cf.
633 2649 694 2708 tna
715 2650 769 2706 111.
796 2672 826 2710 r.
844 2653 974 2706 Ablatiui
990 2653 1230 2706 substantivorum
1245 2647 1368 2708 memmi

56 2773 65 2794 ,
184 2723 219 2778 ed
244 2723 298 2778 hio
321 2723 397 2777 mihi
422 2731 521 2778 tamen
545 2725 727 2776 accusativus
745 2724 865 2778 melior:
894 2743 961 2778 nem
985 2722 1098 2777 dubitat
1120 2722 1253 2788 Tacitus,
1284 2731 1369 2776 unum

163 2795 237 2850 uitia
256 2813 293 2848 an
308 2795 447 2849 aitiarm
464 2793 646 2847 imitationem
663 2794 760 2848 dicere
778 2795 911 2850 debeat.“
930 2796 998 2848 lien.
1018 2827 1050 2839 -
1085 2794 1205 2859 Neroni,
1224 2813 1241 2848 a
1258 2795 1368 2852 Neroua

164 2865 533 2947 assumptaeeet,e‡1nd.
557 2864 664 2947 lllqr.
687 2865 810 2920 Datiaae
833 2866 1014 2922 subiectione.
1050 2867 1239 2934 torrilias-inm
1264 2861 1368 2942 Neram'e

164 2937 222 2992 MS.
242 2939 311 2993 Bud.
334 2968 367 2980 -
386 2937 543 3004 elegantiae
561 2935 677 3000 arbiter,
699 2939 737 2990 of.
756 2947 825 2992 note
845 2943 869 2994 1.
890 2971 923 2982 -
958 2939 1040 3008 Ergo
1057 2939 1255 2992 crudelitatem
1271 2937 1368 2990 Prince-

155 3011 219 3082 ‚piu
237 3009 285 3063 eni
303 3007 501 3073 (crudelitati)
519 3012 625 3060 ceterae
643 3006 776 3063 libidines
793 3017 822 3062 et
839 3009 961 3064 effectus
979 3011 1120 3076 cedebant,
1143 3010 1320 3078 aggreditur,
1341 3009 1367 3054 ot

162 3083 193 3147 b,
212 3083 255 3138 bb.
275 3083 373 3135 aeriae
390 3078 556 3160 modestiam
573 3080 634 3133 etue
650 3081 831 3148 aggreditur,
852 3085 894 3148 13,
913 3084 956 3137 at.
980 3081 1107 3150 precibus
1123 3082 1246 3152 aliquem
1261 3071 1376 3148 aggredi
1409 3111 1410 3114 ¹

165 3159 196 3206 st
213 3152 249 3209 11.
270 3157 297 3218 l,
315 3155 359 3209 78.
379 3150 531 3218 largitione
548 3152 674 3218 aggredi
692 3153 808 3222 animae.
847 3153 882 3205 iu
902 3153 945 3208 ed.
966 3151 1045 3224 spir.
1065 3155 1200 3216 accendit,
1231 3171 1246 3208 s
1271 3151 1367 3228 glosse-

163 3232 300 3278 mate.·-
337 3221 496 3304 amicitiam
515 3221 654 3288 Scaevini,
687 3223 803 3307 dequo
826 3227 919 3289 uli,
943 3227 977 3280 ta
994 3241 1059 3294 sqq.
1095 3225 1227 3288 Saeninii
1252 3218 1367 3276 amieieia'

164 3293 222 3376 1118.
252 3293 350 3349 Guelt.
371 3321 404 3334 ·-
442 3309 544 3346 musore
570 3301 656 3362 parte
680 3295 819 3362 (marae,
846 3313 874 3348 v.
899 3296 935 3351 ad
955 3299 983 3364 b,
1011 3299 1055 3364 11,
1076 3300 1103 3352 1.
1131 3305 1162 3352 et
1186 3299 1215 3363 3,
1238 3299 1282 3363 ⁶³,
1299 3296 1322 3350 b
1339 3315 1365 3330 ·-

164 3365 273 3433 marlai
291 3367 323 3419 in
341 3363 398 3423 MS.
418 3364 517 3422 Gueti.
536 3373 567 3420 et
584 3363 627 3421 ed
647 3365 726 3438 Spir.
746 3367 866 3420 marala.

613 3508 805 3565 CAPUT
842 3511 933 3564 xlx.

245 3618 345 3682 Forte
374 3617 443 3684 illis
469 3617 590 3700 'diebus
620 3615 834 3701 Campaniam
861 3622 1028 3700 petiverat
1056 3615 1179 3684 Caesar
1208 3628 1241 3683 at
1260 3615 1363 3681 Cumas

165 3719 269 3784 usqua
295 3720 495 3787 progressus
522 3701 700 3764 Petronius
731 3701 801 3763 illic
833 3703 1048 3766 attinebatur.
1091 3703 1166 3767 Neo
1194 3703 1270 3766 tulit
1288 3699 1363 3760 ultra

165 3784 298 3847 timoris
328 3791 387 3862 aut
413 3787 484 3867 spei
505 3803 633 3846 morast
666 3803 772 3867 nequo
799 3794 910 3846 tamen
939 3805 1097 3869 praeceps
1118 3789 1221 3849 vitam
1242 3781 1361 3866 expulit,

165 3865 223 3928 sed
245 3867 364 3929 inrisas
386 3885 498 3947 venas,
520 3875 559 3928 ut
581 3867 723 3940 libitum,
746 3867 813 3930 obli
837 3877 907 3930 atas
929 3870 1062 3952 aperire
1089 3890 1226 3932 rursum
1247 3876 1279 3928 et
1296 3863 1361 3925 atto·

165 3951 224 4032 qui
246 3951 380 4028 amicos,
403 3969 468 4020 nou
490 3969 552 4033 per
573 3952 661 4012 seria
683 3958 742 4012 aut
764 3889 880 4030 quiiius
901 3953 1046 4038 gloriam
1067 3953 1268 4016 constantiae
1286 3953 1364 4029 pete·

17 4035 68 4092 *us
166 4041 236 4096 rete
277 4031 495 4116 audiebatque
528 4035 721 4097 referentes
739 4034 838 4108 nihil,
853 4032 894 4096 de
925 4035 1179 4100 immortalitate
1199 4033 1362 4096 animasti

164 4117 367 4202 sapientium
395 4117 537 4197 placitis,
571 4114 630 4178 sed
657 4116 745 4178 levia
763 4119 917 4180 ‘carmina
946 4125 979 4180 et
1000 4120 1113 4182 faciles
1134 4137 1257 4182 versus.
1297 4111 1361 4173 Ser-

166 4217 288 4262 vorum
314 4199 397 4262 alios
424 4199 477 4260 iar
501 4200 616 4277 itione,
649 4197 810 4280 quosdam
836 4199 1036 4264 verberibus
1064 4205 1187 4265 affecit
1234 4197 1306 4262 loiit
1333 4198 1361 4252 et

167 4283 251 4351 vias,
290 4299 406 4344 somno
426 4284 463 4344 in
488 4282 580 4361 uiuit,
608 4287 660 4360 ut,
686 4301 873 4365 quanquam
895 4293 1021 4364 aaron,
1042 4304 1134 4348 mors
1154 4285 1304 4350 lortuitso
1321 4276 1359 4338 ei·
