2872 4786
174 217 239 289 ⁸28
569 217 596 288 1.
617 217 750 288 mesu
769 219 998 292 excuntes

175 383 301 443 Dionem
318 385 406 442 etiem
424 383 592 444 tonaliter
608 385 740 456 medio,
758 385 795 444 tle
812 386 964 467 Celig'alee
980 389 1059 448 ludis
1074 393 1122 458 bi,
1139 395 1165 449 ¹1.
1194 399 1243 450 nal
1267 394 1335 466 iiiia
1354 407 1398 454 eci

176 457 362 527 ἀνυποδήτοις
378 457 557 528 βουλομένοις
574 461 741 526 θεάσασθαι,
758 461 946 530 νομιζόμενον
962 461 1017 532 μέν
1035 483 1090 518 που
1108 465 1167 519 int
1186 474 1240 523 eoi
1256 473 1334 524 πάνυ
1352 468 1396 542 ἅρ-

175 533 268 602 patei,
287 534 334 584 nui
350 529 471 596 tantm
488 533 564 594 τινὰς
582 525 614 586 ir
629 537 670 598 rui
686 531 762 602 θέρει
780 527 879 598 οὕτως,
903 537 950 588 nui
967 535 1097 597 πολλάκις
1121 542 1167 592 nai
1190 539 1247 593 inb
1271 546 1325 596 rou*
1341 543 1397 597 ’Au-

175 613 292 672 paiceou
311 599 341 656 iv
367 608 427 664 eale
444 606 567 674 θερινοῖς
593 607 763 674 πανηγύρεσι
779 609 940 676 γινόμενον,
958 601 1104 678 ἕιλειφοέν
1120 607 1153 662 dl
1172 607 1227 664 ini
1244 619 1297 668 τοῦ
1317 619 1395 684 Τιβε-

175 677 247 744 ρλοο.
288 675 452 729 Volmtibue
476 673 561 736 etiam
584 673 766 728 discalceatis
834 683 927 730 ectare
956 679 1137 746 pemnieeum,
1164 683 1239 752 quod
1263 685 1397 738 usitatum

175 745 258 830 olim3
275 750 307 798 ut
325 746 413 801 etiam
430 745 542 827 qeeidum
559 743 589 812 e)
607 745 717 800 iudicia
742 743 791 798 iot
855 747 906 830 'itu
923 749 1045 803 ceetatie
1063 756 1187 820 ternpore
1212 759 1395 820 exercrurint,

175 827 281 945 itt
299 819 1031 958 iiiii.stt..'l:⁹t.:t‘⁶.‘tit..“.‘·titiittt
1044 829 1397 969 {intimis

175 963 263 1016 etiem
283 961 418 1015 convivis
435 959 659 1030 frequentebent
675 959 809 1026 Romani,
829 961 947 1028 celocis,
967 965 1019 1034 qui
1037 963 1118 1020 inter
1140 969 1270 1022 forensia
1298 987 1397 1024 cenec-

175 1031 294 1099 bantur,
313 1031 436 1086 omieeie.
473 1031 509 1084 ln
527 1031 608 1084 omni
625 1047 696 1108 ergo
715 1031 900 1100 remissione,
918 1051 974 1104 pec
991 1037 1138 1104 convivia,
1156 1055 1212 1108 per
1229 1039 1325 1106 ludos,
1345 1058 1397 1111 per

176 1106 281 1170 ouum,
298 1103 421 1158 nomene
440 1101 550 1158 solean.
585 1103 661 1156 uon
681 1103 769 1158 ecem
789 1101 939 1158 ciconnis
958 1105 1040 1160 inere
1079 1109 1120 1164 uo
1142 1110 1177 1164 οι
1193 1099 1329 1178 emim,
1347 1115 1397 1184 qm·

176 1178 209 1232 in
227 1176 316 1230 litore
334 1175 470 1242 solentne,
497 1175 576 1230 etin
594 1172 764 1242 Antonium,
783 1175 835 1244 qui
853 1173 976 1230 Gallicis
994 1178 1026 1230 in
1047 1187 1122 1236 utus.

248 1283 275 1347 e)
294 1281 395 1336 intelli
418 1282 443 1336 it
461 1279 612 1349 Catonem,
632 1279 667 1335 de
686 1296 744 1352 qno
762 1277 908 1340 Plutarch.
938 1283 971 1336 in
995 1283 1057 1340 eius
1084 1285 1147 1341 rite
1171 1303 1195 1342 c.
1214 1291 1259 1346 44.
1283 1307 1314 1361 p.
1334 1291 1397 1347 26⁰.

175 1349 348 1422 duvnddncoc
365 1299 416 1406 nai
435 1349 542 1422 ἀχίτων
560 1353 682 1416 πολλάκις
711 1349 756 1406 int
772 1353 804 1407 τὸ
827 1353 904 1423 βῆμα
928 1357 1159 1428 προσερχόμενος,
1186 1363 1231 1413 net
1247 1365 1399 1426 θανατικὰς

122 1481 128 1490 ,
176 1426 254 1490 δίκας
281 1426 352 1481 οὕτω
376 1428 519 1498 βραβεύων
545 1433 599 1480 etc.
633 1424 679 1479 cl.
705 1425 780 1478 Gen.
806 1428 850 1494 13,
874 1427 918 1484 20.
944 1426 1037 1501 intpp.
1063 1427 1133 1485 Hor.
1162 1431 1207 1486 od.
1231 1433 1261 1500 3,
1279 1435 1327 1500 2⁰,
1355 1439 1395 1492 ll.

175 1497 358 1555 secenum.
377 1501 403 1558 4.
423 1505 453 1553 et
472 1495 532 1553 Cic.
552 1513 581 1570 p.
599 1495 668 1552 Reb.
687 1496 763 1552 Post.
782 1499 826 1554 1⁰.

280 1585 288 1616 ι

596 1653 656 1710 XI.
693 1653 740 1710 ad
761 1654 844 1727 Cap.
872 1651 974 1712 LXX.

248 1761 440 1819 Germanicus
458 1761 597 1829 componit
615 1760 762 1830 epistolae,
789 1763 888 1832 quibua
915 1761 1073 1818 amicitiam
1088 1763 1270 1820 recantatur
1286 1766 1397 1822 Pisoni.

175 1835 247 1902 Moe,
266 1837 317 1907 qui
355 1834 450 1888 ublice
469 1833 617 1888 obtinebat
632 1834 840 1906 privatimque.
877 1835 1004 1902 Publice,
1022 1835 1124 1889 Liviae
1141 1841 1187 1902 30,
1205 1841 1232 1894 3.
1267 1839 1399 1892 Consulti

175 1907 291 1974 fecialee
345 1905 466 1958 ..icitia
485 1905 602 1974 consule,
628 1921 695 1957 num
716 1905 804 1973 prius
821 1905 932 1960 Aetolis
955 1907 1144 1962 renuntianda
1170 1909 1300 1964 areicitia
1325 1921 1399 1965 esset

175 1993 258 2048 quam
275 1977 376 2032 bellum
393 1977 578 2043 inferendum.
618 1976 699 2030 ldem
717 1979 762 2041 42,
781 1979 824 2033 2⁵.
852 1975 954 2048 Legati
971 1979 1010 2031 ad
1027 1995 1074 2032 ree
1091 1982 1257 2048 repetendae
1279 1982 1312 2036 in
1329 1983 1399 2036 nla-

174 2049 319 2104 cedoniam
346 2047 616 2118 renuntiandamque
638 2046 796 2100 amicitiam
814 2051 879 2115 regi
894 2049 986 2102 mieei.
1024 2050 1177 2117 Privatim,
1201 2053 1281 2106 infre
1304 2056 1333 2118 6,
1353 2046 1396 2110 29.

174 2121 288 2176 Morem
306 2119 396 2186 iniere
412 2119 579 2184 maioribus,
605 2120 732 2188 quotiens
756 2119 926 2173 dirimerent
950 2119 1101 2188 amicitiae,
1129 2121 1300 2178 interdicere
1319 2125 1399 2178 dorna

175 2208 290 2263 eumque
307 2193 389 2258 finem
405 2190 519 2258 gratiae
534 2205 653 2260 poneret
682 2198 711 2244 et
729 2191 757 2256 3,
774 2193 818 2246 ii·
856 2195 1014 2262 quanquam
1036 2208 1090 2246 non
1113 2193 1190 2248 ultra
1214 2197 1289 2260 foret
1307 2197 1398 2250 eaeci-

174 2271 233 2318 tum
252 2278 334 2333 queam
357 2267 388 2316 ut
407 2261 531 2314 amicitia
552 2261 687 2314 Caesarie
707 2258 910 2328 prohiberetur.
947 2260 1104 2316 Suetonius
1122 2263 1196 2341 Aug.
1215 2282 1241 2318 c.
1260 2269 1305 2324 tii.
1326 2269 1399 2321 Car-

174 2335 248 2390 nelia
267 2333 345 2388 Gallo
363 2333 396 2388 ob
414 2333 561 2400 ingratum
578 2339 606 2385 et
624 2331 786 2385 malevolum
804 2333 928 2388 animum
946 2335 1025 2388 domo
1044 2342 1071 2388 et
1086 2337 1242 2404 provinciie
1271 2339 1335 2391 euie
1352 2341 1398 2392 in-

174 2405 302 2460 terdicit.
340 2405 421 2458 luem
450 2407 482 2458 in
507 2403 593 2457 cleris
613 2402 774 2458 Gremmet.
802 2421 826 2458 c.
846 2408 888 2461 14.
916 2404 952 2460 de
978 2405 1081 2460 Curtio
1105 2407 1207 2462 Niciae
1235 2407 1399 2478 Pompeium

174 2477 303 2545 offendit,
322 2479 453 2548 domoque
472 2475 498 2528 ei
516 2474 694 2530 interdictum
712 2481 762 2530 eet.
799 2473 847 2529 Sic
866 2475 969 2530 Badius
989 2477 1153 2548 Campenne
1180 2481 1258 2550 epud
1276 2481 1397 2536 Livium

58 2585 61 2592 .
173 2551 220 2616 25,
241 2553 282 2606 18.
314 2549 411 2621 pelam
437 2547 570 2602 omnibus
600 2547 750 2602 renuntiet
777 2544 938 2618 hospitium
962 2547 1109 2620 Crispino.
1145 2551 1240 2620 Atque
1269 2550 1328 2606 boc
1355 2560 1398 2608 eet

174 2621 254 2692 qnod
271 2621 375 2675 Cicero
393 2618 560 2672 inimicitiae
579 2617 748 2671 denuntiare
766 2617 816 2682 eit,
843 2633 898 2688 pro
916 2620 949 2674 1..
967 2617 1074 2675 Flacco
1093 2625 1117 2677 1.
1136 2623 1250 2682 Etenim
1277 2641 1363 2694 quum
1380 2639 1398 2676 a

172 2693 345 2748 uarieemie
362 2691 436 2745 uiris
461 2687 637 2744 iustissimae
661 2689 835 2743 inimicitiae
859 2705 942 2760 caepe
969 2707 1030 2744 cum
1057 2693 1124 2746 bene
1147 2695 1262 2748 meritis
1287 2695 1399 2748 eicieee

174 2765 317 2835 depositae
341 2779 401 2817 eeee
423 2761 573 2828 uidieeem,
607 2776 661 2814 non
685 2776 747 2813 cum
764 2761 932 2824 arbitratae,
960 2779 1115 2834 quenquam
1137 2766 1259 2818 amicum
1280 2767 1399 2836 patriae

174 2853 261 2891 nouae
278 2835 342 2890 iuuit
358 2833 531 2888 inimicitiae
549 2832 627 2886 nulia
645 2838 757 2900 accepte
775 2831 885 2891 iniuria
904 2834 1136 2892 denuntiaturum.
1159 2835 1283 2892 ,Seneca
1311 2841 1398 2908 epist.

174 2911 219 2964 76.
239 2907 316 2976 (tt.)
351 2903 528 2959 Inimicitiae
554 2901 622 2956 miii
645 2902 805 2968 denuntias,
833 2904 861 2958 ei
884 2905 1029 2975 quicquam
1057 2907 1159 2974 exiis,
1206 2924 1257 2962 uae
1277 2909 1399 2962 cottidie

174 2981 261 3047 facia,
279 2977 471 3048 ignoraveris.
507 2975 588 3030 ldem
607 2973 684 3046 quod
707 2975 836 3028 indicere
860 2975 1034 3031 inimicitiae
1052 2975 1159 3033 Seneca
1185 2927 1220 3034 1ο
1239 2979 1284 3032 ire
1303 2983 1332 3046 3,
1353 2984 1398 3037 42.

175 3052 251 3107 Quid
267 3051 346 3104 iuvat
365 3055 502 3119 tanquam
519 3047 550 3100 in
569 3052 707 3099 aeternum
725 3047 842 3115 genitoe
860 3047 923 3100 irae
941 3049 1067 3102 indicere
1086 3056 1113 3102 et
1132 3050 1332 3104 brevissimam
1352 3069 1401 3104 ae-

175 3127 259 3176 tatem
278 3120 447 3189 dissiparet
482 3117 565 3172 Unde
584 3117 758 3171 inimicitiae
775 3118 911 3184 indictae,
940 3127 973 3172 ut
991 3121 1133 3174 indictum
1151 3121 1273 3174 bellum.
1312 3123 1400 3177 Sido-

173 3195 241 3248 nius
261 3193 311 3250 lib.
330 3192 394 3248 Vll.
430 3189 602 3244 inimicitiae
620 3188 744 3242 indictae
761 3187 874 3244 innecte
891 3197 1011 3258 exercet,
1031 3191 1114 3245 tarde
1131 3192 1234 3258 credit,
1257 3195 1400 3248 celeriter

173 3265 296 3334 deponit.
333 3263 408 3318 Item
427 3259 601 3316 inimicitiae
621 3265 749 3326 testatae,
777 3261 860 3332 quusi
879 3278 951 3332 quae
970 3261 1315 3320 literarum'testimonio
1337 3267 1400 3340 sig-

173 3344 271 3392 netee:
292 3334 425 3390 Valerius
450 3337 517 3398 4,1,
538 3333 581 3388 12.
619 3331 764 3386 Acerrime
789 3349 851 3385 cum
867 3331 1002 3401 Scipione
1024 3334 1165 3400 Africano
1190 3336 1400 3390 Macedonicus

174 3407 360 3474 dissenserat,
379 3419 527 3476 eorumque
545 3403 579 3455 at
598 3402 781 3456 munione
798 3404 914 3457 uirtutie
930 3406 1058 3472 proiecta
1077 3407 1212 3460 contentia
1232 3407 1271 3460 ad
1288 3424 1401 3476 grance

174 3485 345 3548 testatasque
363 3476 536 3531 inimicitiae
557 3489 708 3542 prugneto
732 3475 836 3540 firmat.
874 3475 937 3528 Nec
961 3475 1041 3530 eliud
1059 3491 1171 3538 censeo,
1197 3495 1290 3548 quum
1318 3479 1332 3532 l
1376 3481 1400 3532 i-

173 3569 238 3607 mus
262 3549 435 3604 inimicitiae
452 3563 486 3600 ec
501 3547 639 3615 profesta.
675 3545 752 3598 Huic
769 3553 870 3617 eperto
893 3547 969 3602 mori
997 3548 1108 3602 utinum
1134 3547 1183 3602 bie
1200 3549 1336 3604 moribus
1371 3566 1400 3603 o·

174 3625 239 3679 cus!
277 3619 343 3686 Sed,
363 3628 396 3673 ut
413 3619 512 3674 omniu
535 3618 608 3671 ritie
633 3625 733 3670 nostro
751 3634 831 3684 nevo,
858 3618 900 3672 sic
917 3620 1008 3684 irene,
1039 3619 1196 3684 simulatio,
1220 3619 1305 3674 dolus
1333 3639 1400 3676 ene·

175 3695 284 3759 creuit,
313 3699 343 3748 et
369 3691 528 3762 pessimum
557 3689 703 3742 emicitiee
727 3705 871 3743 venenum
898 3687 1056 3744 blandities
1079 3689 1210 3744 ielleces.
1247 3692 1397 3746 Novimus

175 3784 227 3822 noe
245 3763 387 3820 eiusmodi
405 3761 565 3828 stelliones,
583 3759 635 3830 qui
652 3760 771 3825 emices,
789 3759 894 3830 quibus
912 3759 1052 3825 arrident,
1079 3778 1148 3815 mox
1173 3762 1335 3830 ire-odunt,
1368 3771 1398 3818 ct

175 3839 279 3913 quibus
296 3835 379 3888 nulle
397 3851 461 3905 epee
479 3835 573 3886 iemee
592 3837 635 3886 eet
654 3831 713 3884 niei
734 3831 767 3884 in
790 3830 854 3884 lube
873 3833 965 3886 iemee
984 3831 1105 3887 elienee.
1141 3831 1248 3886 Datum
1278 3843 1324 3887 eet
1343 3851 1399 3888 no·

174 3913 219 3967 bie
237 3907 347 3986 grende
365 3904 518 3976 exemplum
534 3901 733 3973 praecavendi,
752 3903 886 3972 quamodo
904 3903 1054 3970 fraudibus
1078 3905 1220 3958 involutos
1237 3911 1288 3957 aut
1304 3907 1398 3975 flagi·

176 3983 229 4038 tiie
247 3977 467 4044 commaculatos,
486 3975 531 4030 eic
547 3975 638 4043 epecie
655 3974 789 4026 bonarum
807 3975 914 4027 artium
936 3975 1026 4042 taleae
1044 3982 1072 4028 et
1095 3976 1244 4050 amicitiae
1262 3977 1397 4042 fallaces,

176 4063 210 4109 ut
227 4069 296 4108 vere
314 4050 391 4105 dixit
409 4056 509 4102 noster
526 4057 606 4100 vetes
624 4045 699 4101 Anu.
721 4047 764 4110 li,
782 4047 825 4102 31.
857 4046 957 4100 Veteri
976 4045 1029 4099 ille
1057 4055 1086 4101 et
1103 4047 1235 4118 simplici
1260 4049 1324 4101 vita
1350 4067 1399 4102 re·

176 4135 303 4200 ceptum,
326 4120 485 4176 amicitiem
502 4125 532 4174 et
554 4117 742 4172 inimicitiam
759 4123 925 4189 promptum
942 4115 1048 4172 bebere
1066 4117 1099 4172 iu
1115 4119 1213 4173 fronte
1231 4125 1261 4172 et
1279 4119 1310 4174 in
1332 4135 1396 4176 ore.
