2826 4792
266 147 942 288 circumureretur)
1175 209 1218 276 u

51 375 105 502 spir.
122 373 257 431 statibus
281 375 337 450 prb
362 373 459 430 cisium
483 375 516 430 in
538 373 596 432 ΜΒ.
616 373 715 430 ousta
733 403 768 418 -
804 373 934 444 quintin
952 373 996 432 ed.
1016 373 1093 448 spir.
1111 373 1214 448 petia,

51 449 58 500 i
83 465 149 519 nque
168 449 197 502 in
220 447 277 502 MS.
296 447 378 501 Flor.
404 465 459 520 per
476 445 678 520 compendium
695 447 821 518 exprimi
847 447 965 520 putabat
981 447 1093 507 Victor.
1112 479 1147 494 -·
1180 463 1216 503 ac

49 527 142 572 uatus
161 519 253 588 pridem
274 519 492 584 distinguebatur
515 527 545 574 et
568 519 689 596 gradus:
723 518 800 573 unde
823 536 852 575 r.
871 534 897 572 c.
918 519 1062 587 Quintius,
1087 521 1139 592 qui
1155 519 1215 578 iam

49 599 81 642 ter
93 591 176 644 consul
196 594 299 658 iuerat,
326 599 463 662 quaestor
486 599 599 646 creatus
623 597 667 646 est
693 607 718 646 a.
738 589 773 644 U.
792 592 855 648 sss.
879 608 908 644 r.
932 591 996 646 Lis.
1015 595 1043 657 8,
1061 593 1105 648 75.
1142 592 1215 646 luda

48 661 104 715 ela.
118 663 148 716 11.
163 667 218 720 ili.
236 665 267 718 iu
283 662 416 735 petendis
434 661 593 716 honoribus
612 661 714 716 aetatis
732 662 872 738 graduum
915 679 931 716 e
955 662 1031 716 ratic
1048 661 1155 728 babitu,
1179 663 1216 718 de

47 734 209 858 solut
225 738 271 860 m
286 739 370 858 ir
403 730 958 862 uirtuisiiiurlrr
973 725 1216 862 tumlti

47 875 89 926 nisi
102 877 164 946 quod
178 877 266 932 Oberl.
279 879 351 931 Liin.
366 884 395 931 et
406 876 498 932 Bekk.
510 879 542 930 in
555 875 618 933 edd.
631 880 657 933 1.
673 874 778 930 dedere
794 891 828 928 aa
845 877 1016 942 dictaturam,
1036 879 1103 948 quia
1121 878 1218 930 rarior
1256 923 1263 936 ,

47 947 114 1000 luerit
124 947 267 1003 dictaturae
284 966 352 1004 usus
370 949 493 1020 ideoque
510 948 591 1002 nulle
610 947 650 1000 sit
667 948 744 1001 ratio
757 965 836 1004 num·
854 947 955 1018 plur.“
979 947 1036 1002 Sed
1051 949 1093 1002 ita
1107 957 1136 1002 et
1151 954 1176 1014 1,
1190 952 1218 1004 l.

47 1018 171 1072 aulaea
182 1020 463 1076 immensissimas
483 1020 636 1073 dictaturae
645 1018 683 1070 ad
691 1025 791 1086 tempus
798 1017 976 1074 ssmsbcatur.
995 1018 1114 1073 Etenim
1126 1019 1218 1074 dicta

48 1093 103 1142 tores
113 1099 181 1144 erant
190 1093 374 1170 magistratus
387 1089 627 1146 extraordinariis
643 1088 785 1144 dabantur
794 1091 889 1167 igitur
898 1091 1060 1146 dictaturae
1073 1091 1217 1168 singulae,

47 1175 114 1230 neque
132 1179 192 1218 rero
214 1181 303 1242 genus
328 1170 443 1218 certum
465 1162 554 1215 huius
581 1161 769 1237 magistratus
794 1171 844 1216 aut
867 1181 1005 1218 annuum.
1055 1162 1219 1217 omniura·

47 1239 117 1286 suum
130 1232 226 1290 dicitm
241 1250 297 1308 pro
315 1251 431 1312 genera
450 1243 483 1287 ut
501 1232 687 1310 magistratus
711 1233 876 1288 ordinarius
895 1243 924 1288 et
941 1235 1081 1290 annuus.“
1110 1231 1217 1288 Waltd.

95 1306 116 1360 7.
131 1303 179 1358 Sed
192 1314 342 1374 quaestores
364 1305 476 1372 regibus
502 1305 582 1357 eticae
603 1310 656 1357 tum
673 1304 867 1370 imperantibus
883 1306 1004 1360 instituti
1020 1314 1091 1374 cust,
1123 1309 1161 1362 cf.
1181 1304 1219 1360 ad

46 1375 149 1440 isim
181 1375 484 1444 armamentis,
504 1377 578 1441 ut.
611 1375 690 1428 etiam
708 1375 895 1433 abestalllS.
916 1376 986 1434 liud.
1008 1387 1037 1433 et
1055 1376 1216 1435 tumulis.

47 1444 118 1502 cust.
135 1473 164 1486 -
187 1450 260 1514 „Lex
278 1449 385 1504 caieta
408 1447 443 1502 de
466 1448 591 1517 imperio
614 1455 643 1500 et
665 1455 806 1518 potestate
832 1465 946 1524 regum,
975 1453 1057 1504 cuius
1074 1467 1141 1520 pars
1155 1450 1219 1504 ruis

46 1517 126 1570 arado
140 1521 379 1589 quaestorum,·ab
396 1519 430 1574 L.
441 1519 530 1572 Bruto
547 1519 663 1586 repetita
682 1527 734 1584 eet,
752 1526 787 1570 ut
800 1519 963 1574 oonsulibus
978 1522 1076 1577 eadem
1093 1527 1218 1592 potestas

46 1597 106 1712 i’i'
120 1593 320 1718 Ῡέἶέῶέΐι
332 1588 1219 1718 sitii,‘tittlttiiimit‘lttilttttiitt

46 1733 114 1797 mlii,
134 1682 280 1805 inperiupxd
303 1735 425 1788 curiatis
449 1736 513 1788 sive
536 1732 602 1808 lege
628 1733 742 1786 curiata
760 1697 932 1787 'consulibus
958 1735 1086 1788 daretur.
1123 1734 1166 1802 sib
1184 1747 1219 1788 eo

46 1817 131 1872 quoque
144 1812 277 1877 tempore,
308 1821 366 1876 quo
385 1805 539 1860 (laesarum
556 1811 683 1874 potestas
702 1811 811 1858 certam
832 1805 957 1858 formam
975 1813 1132 1878 acceperat,
1162 1803 1219 1858 hoc

46 1883 156 1930 scrutum
171 1895 227 1933 esse
245 1877 432 1941 crediderim,
449 1885 483 1929 ut
499 1873 667 1941 bonoribus,
686 1874 738 1946 qui
756 1873 924 1944 ausissent,
952 1876 1078 1932 decretis
1096 1884 1127 1932 et
1144 1875 1220 1930 scta

46 1953 92 2013 post
104 1949 168 2002 iacto
184 1949 217 2004 de
234 1951 372 2021 imperio,
398 1947 517 2003 Senatum
542 1946 691 2001 decretum
710 1946 783 2001 dicis
801 1962 885 2002 causa
903 1949 1067 2002 sanciretur
1084 1948 1151 2026 lege
1169 1963 1221 2001 cu·

46 2015 109 2070 mu:
135 2037 193 2074 uam
214 2023 239 2077 si
262 2022 296 2074 in
319 2018 521 2091 adoptionibus
544 2019 652 2072 mansit
675 2017 724 2072 lex
742 2019 862 2084 curiata,
882 2017 921 2085 (v.
940 2019 977 2074 ll.
998 2019 1098 2088 1,le
1118 2019 1221 2090 quidni

45 2089 108 2141 emm
123 2093 252 2148 manserit
269 2095 302 2146 in
322 2091 447 2162 imperio
465 2090 640 2144 tribuendo?
664 2089 710 2145 cf.
729 2088 766 2143 sid
782 2089 816 2144 H.
837 2092 865 2156 4,
883 2089 930 2148 3·“
954 2091 1019 2146 Ere.
1040 2092 1071 2144 in
1088 2091 1159 2146 Euo.
1179 2090 1219 2144 11.

44 2155 131 2214 si'iec.
164 2163 206 2217 ct.
230 2163 265 2218 ds
292 2163 323 2218 le
385 2163 499 2216 curiata
523 2169 554 2216 et
575 2161 613 2215 de
636 2168 821 2232 quaestorum
847 2163 995 2218 creatione
1019 2162 1081 2216 cic.
1099 2163 1171 2241 ligr.
1190 2163 1245 2238 7,Ι

45 2230 69 2282 ll
106 2231 209 2293 .Gron.
228 2235 303 2302 obss.
370 2239 397 2290 1.
415 2233 483 2286 Pom
522 2251 551 2286 u.
571 2231 606 2286 de
624 2234 699 2309 orig.
718 2233 775 2288 iur.
794 2231 832 2286 Di
871 2241 906 2288 st.
928 2235 1120 2301 1.tit.11,t.
1141 2235 1220 2306 iupr.

43 2249 206 2362 widinen.
232 2307 283 2360 illt.
307 2307 391 2360 R'om.
418 2248 523 2359 Gescff·
548 2321 577 2376 p·
600 2305 662 2361 376.
691 2310 721 2357 et
742 2249 883 2386 Niebubi.
909 2305 991 2363 Rom.
1011 2305 1115 2361 Geech.
1142 2304 1176 2357 T.
1196 2305 1221 2363 1.

43 2375 117 2494 pili
161 2381 237 2435 .ωο
254 2396 298 2448 sq.
317 2377 361 2432 ed
379 2380 406 2434 3.
424 2377 475 2430 ubi
494 2375 625 2442 docetur,
644 2375 746 2457 legem
760 2384 889 2429 cunctam
913 2378 947 2430 ds
962 2376 1080 2464 imperio¹
1092 2393 1138 2448 ap.
1158 2377 1220 2436 Gic.

42 2450 572 2596 ,ecfertum-„u
587 2447 1223 2594 trottesctmmmo

42 2602 65 2634 rs
77 2584 178 2648 titana
193 2593 229 2660 τῷ
246 2587 348 2658 atrita
365 2609 409 2661 ep.
427 2590 549 2674 Dionys.
576 2589 641 2646 ilsl.
660 2592 689 2654 7,
707 2591 752 2645 (ib.
787 2592 935 2660 mansitque
952 2623 985 2636 -
1004 2591 1149 2660 mestique,
1181 2591 1221 2649 cf.

43 2653 189 2717 luditis.
211 2663 303 2718 Verba
321 2663 411 2716 eadem
428 2667 552 2730 repetita.
573 2692 605 2705 —
641 2661 778 2730 creatique
794 2663 904 2729 primum
926 2663 1055 2718 Valerius
1070 2663 1178 2719 Potitus
1196 2667 1224 2715 st

43 2727 142 2784 Amisa
156 2735 309 2788 Mamertae
331 2733 431 2788 Lxffl
453 2749 522 2786 aare
544 2739 607 2800 past
628 2731 790 2801 Tarquiniae
813 2740 934 2802 stactae,
952 2733 1144 2804 Tarquinium
1169 2732 1225 2788 Su·

42 2799 133 2866 perium
149 2805 263 2877 eiusque
280 2801 435 2860 familiam.
471 2804 584 2872 „Error
601 2805 718 2858 numeri
734 2800 843 2859 extu.
863 2806 923 2860 nisi
939 2805 1045 2878 placet,
1064 2805 1099 2860 de
1116 2805 1223 2876 primia

42 2876 204 2938 muratoribus
226 2886 308 2932 totos
327 2877 381 2932 XL
407 2892 497 2930 anuos
519 2875 684 2946 discrepare
701 2875 836 2931 Tacitum
860 2878 1025 2942 clirici,
1043 2881 1086 2934 41.
1106 2885 1136 2930 et
1152 2875 1223 2930 Dio-

43 2944 103 3010 lytio
118 2945 175 2999 ital,
193 2951 218 3014 Β,
237 2951 281 3004 77.
303 2951 332 3013 9,
351 2951 394 3005 51.
414 2949 466 3018 qssi
484 2965 508 3004 a.
528 2947 563 3002 U.
583 2949 647 3004 269·
669 2947 782 3017 primos
864 2956 973 3002 catores
995 2948 1159 3001 nominatos
1178 2945 1224 3000 di·

42 3023 91 3092 cut
104 3017 132 3070 le.
149 3018 297 3074 Valerium
316 3027 346 3074 et
363 3020 444 3074 llaes.
463 3018 596 3072 Febium.
631 3017 670 3071 At
695 3035 731 3072 ex
747 2966 916 3073 meditem
960 3021 1089 3074 umbone
1106 3018 1224 3074 demum

43 3097 97 3138 orca
111 3105 132 3140 a.
149 3089 182 3142 U.
199 3095 263 3148 308.
282 3099 450 3162 quaestores
470 3097 626 3144 stemnius
650 3105 767 3144 necesse
785 3098 843 3144 est:
876 3037 959 3162 quod
973 3089 1081 3144 falsum
1105 3107 1166 3145 esse
1184 3089 1224 3144 li-

42 3163 91 3222 mc
103 3159 146 3214 rel
162 3178 197 3216 ex
215 3179 258 3230 eo,
277 3161 357 3234 quod
374 3162 476 3216 Livius
487 3170 525 3247 'et
540 3160 698 3245 Dionysius
715 3169 782 3232 post
800 3161 885 3215 illum
906 3179 931 3214 a·
949 3163 1012 3218 769.
1032 3163 1145 3246 sucpius
1164 3161 1223 3216 iam

43 3239 177 3356 didutsrcmiseuss
193 3229 1224 3376 peffimpbphqergrgaee·epqqlpreplptnrettppqusepz’quppqpffi

44 3375 62 3418 tl
74 3371 101 3424 ll.
116 3374 270 3430 Minucium
288 3375 450 3433 nominat.“
469 3373 547 3442 Lips.
584 3373 648 3442 „Ex
665 3374 720 3429 illo
738 3391 797 3428 non
815 3375 1012 3446 consequitur,
1030 3377 1062 3429 L.
1073 3375 1224 3431 Valerium

44 3443 143 3497 cire.
162 3445 283 3502 Fabium
308 3455 358 3500 aut
381 3449 512 3518 primum
530 3465 546 3500 a
563 3463 601 3518 po
623 3444 673 3501 ulo
691 3453 800 3500 creatos
819 3457 997 3518 quaestores,
1016 3455 1067 3500 eut
1083 3463 1133 3501 eos
1151 3463 1223 3511 essa,

45 3505 168 3582 liquibus
189 3516 310 3572 Tacitus
337 3519 396 3572 iam
420 3519 559 3588 loquitur.
596 3463 776 3581 diametrus,
803 3520 856 3590 qui
873 3517 974 3584 tradit,
997 3518 1057 3571 iam
1073 3517 1224 3572 Valerium

45 3577 184 3642 Publicolam
202 3590 379 3645 concessisse
396 3588 507 3660 populo
524 3597 689 3659 quaestores
707 3589 858 3654 creandos,
883 3588 1064 3644 hauddubie
1082 3607 1098 3642 a
1115 3589 1224 3644 Nostro

46 3649 154 3714 lisandt.
168 3651 171 3681 ¹
188 3659 245 3716 Sed
262 3661 363 3732 potuit
379 3662 495 3726 diversa
514 3677 574 3714 esee
585 3660 621 3714 de
637 3658 693 3713 bac
707 3677 740 3714 re
758 3661 892 3726 traditi03
909 3660 1007 3730 potuit
1025 3659 1113 3714 etiam
1125 3659 1225 3713 Publi·

46 3723 86 3780 ttle
98 3745 144 3798 pro
160 3731 299 3818 populari
326 3747 378 3785 suo
405 3731 524 3808 ingenio
548 3730 706 3788 concedere
722 3731 841 3802 populo,
872 3747 945 3802 quae
967 3739 1067 3802 postea
1084 3739 1147 3785 rata
1164 3747 1224 3785 uon

45 3793 107 3854 fatte.
142 3801 272 3874 Denique
299 3811 460 3873 supererat,
486 3809 521 3855 ut
547 3801 665 3856 Tacitus
691 3819 759 3856 cum
782 3803 866 3857 livio
889 3805 917 3867 l,
936 3795 979 3859 id.
1006 3802 1224 3858 conciliaretur.

46 3861 94 3920 itm
111 3867 156 3926 bic
179 3873 281 3940 tradit,
308 3891 460 3934 numerum
543 3882 671 3928 satorum
695 3893 721 3931 a.
740 3873 774 3928 U.
793 3877 856 3932 334.
880 3875 971 3928 icisse
995 3871 1034 3926 du
1054 3873 1177 3926 licatum
1195 3881 1227 3926 et

151 3946 221 3999 duos
243 3953 410 4016 quaestores
436 3947 491 4000 toti
513 3962 559 3998 em
581 3953 702 4011 creatos,
736 3945 787 4017 qui
814 3944 981 3999 consulibus
1005 3962 1021 3997 a
1062 3944 1227 3998 ministeria

85 4011 212 4083 'promto
231 4024 340 4080 esseut,
359 4025 525 4088 quaestores
543 4017 640 4086 itaque
657 4017 781 4072 urbanos
806 4015 985 4070 militaribus
1002 4015 1117 4086 priores
1134 4015 1226 4070 fuisse

46 4087 179 4151 «uatum
194 4095 366 4160 quaestores
392 4089 558 4158 promiscue
575 4086 611 4141 de
627 4088 713 4159 plebe
730 4104 764 4142 ac
782 4087 915 4142 Patribus
933 4085 1025 4144 libero
1042 4087 1146 4158 populi
1165 4087 1226 4140 euf-
1262 4092 1264 4102 '

45 4148 111 4227 logio
131 4161 228 4216 tactos.
266 4161 382 4214 Verum
404 4159 514 4214 vidisse
542 4157 661 4214 ridetur
685 4159 850 4224 Ernestius,
884 4158 937 4228 qui
960 4158 1129 4224 arbitratur,
1152 4156 1226 4212 duos

46 4233 176 4285 messores
187 4245 313 4296 mnuos,
331 4230 383 4301 qui
400 4225 530 4300 primum
541 4237 722 4296 crearentur,
741 4238 771 4286 et
784 4230 923 4285 urbanam
935 4234 966 4283 et
981 4229 1143 4282 militarem
1160 4243 1226 4282 rem

47 4299 172 4362 mulsoue
188 4319 326 4371 cussus,
352 4301 430 4369 dein,
464 4319 554 4376 quum
570 4301 607 4360 ob
623 4311 764 4376 perpetua
780 4301 859 4360 belle
884 4299 1017 4360 consules
1041 4315 1155 4372 semper
1177 4298 1225 4354 ab·
