2878 4802
43 248 47 258 ¹
161 233 224 304 too
485 315 488 326 ‚
559 227 804 296 enumera
823 229 907 295 nte.
929 229 1007 295 xv,

232 401 260 458 l.
278 398 428 455 violentum
445 396 644 466 etintenanmr
661 373 693 452 in
711 394 856 469 ‹ai-Spin·
871 371 937 452 oiot.
956 395 1154 466 intentamque.
1173 425 1210 440 —
1235 411 1273 451 es
1290 395 1381 450 conto-

60 479 64 495 *
163 471 239 526 rotis
259 500 292 512 -
311 472 427 542 qnidam
444 503 477 514 -
494 471 594 538 ploret
617 469 694 526 MSS.
720 470 802 524 Flor.
822 470 906 524 Harl.
925 469 1006 524 Bodl.
1029 470 1083 525 les.
1106 468 1206 523 Guelf.
1227 466 1293 522 edd.
1312 469 1380 522 Ern.

162 557 225 615 sqq.
261 550 290 598 et
308 541 451 598 coniurati
476 541 554 600 MSS.
580 541 665 599 Gorb.
690 540 761 598 But.
786 541 829 598 ed.
859 539 935 612 Spir.
972 541 1116 595 coniurati
1142 539 1203 594 MS.
1223 537 1270 594 Re
1294 583 1299 596 .
1321 541 1379 598 edtl

162 618 226 668 l’ut.
245 619 271 672 1.
288 617 315 671 2·
336 631 397 684 sqq.
416 613 452 668 ad
469 613 541 666 Ern.
561 647 592 658 -
631 613 751 667 vetustis
774 612 808 666 in
825 629 886 666 enm
907 613 1111 678 simultatibus„
1135 615 1174 666 cl'.
1196 612 1262 668 lncl.
1271 559 1337 666 511.
1355 631 1381 667 r.

161 685 293 740 Attalici
317 686 557 740 substantivorum
580 685 710 738 absoluti.
730 717 763 728 -
797 684 984 754 praeeipitem
1007 693 1033 739 et
1060 684 1270 749 insociabilem
1296 690 1382 740 teme·

161 760 275 813 narium
294 764 324 812 et
342 773 401 811 non
419 765 519 828 aptum
533 753 670 811 societati
688 754 897 824 consiliorum
924 757 993 810 ΕΜ.
1015 787 1047 800 -
1070 755 1212 842 'Neronia
1237 755 1333 809 octium
1351 791 1380 802 .-

161 828 502 956 eleutheri.
522 827 599 970 tlh.
612 827 1381 970 ht.3.z.h¹·.ttu:s.r¹¹s²tut-tut

162 972 284 1028 dolitute
301 971 359 1029 MS.
379 970 478 1026 Guell.
500 971 561 1026 eda.
582 973 644 1024 eut.
666 976 691 1027 1.
711 974 819 1042 nsqq.
840 962 928 1026 eliam·
945 973 1010 1028 Ber.
1029 971 1065 1024 ad
1083 989 1170 1042 quam
1196 971 1295 1023 tacuit
1311 973 1379 1025 Vict.

162 1044 360 1170 tetih?
380 1041 832 1181 mss'nffitissl‘itniihlli‘
833 1043 1013 1181 ·.1;t..‘'¹ltt
1030 1043 1209 1168 :tlt-‘itt
1227 1039 1379 1169 tthh

93 1241 100 1264 l
161 1186 324 1256 Principem
343 1152 372 1240 et
390 1187 512 1239 amicum
529 1185 647 1241 Tacitus
665 1153 803 1256 spionia
821 1184 906 1240 Aeto.
944 1151 1070 1251 „Verum
1089 1129 1254 1240 est’orni'ci:
1273 1185 1380 1245 ‚neme-

161 1259 210 1312 bat
227 1258 388 1323 hominem,
412 1258 464 1328 qui
488 1258 603 1313 etiamsi
621 1258 729 1310 amena
747 1256 843 1312 tam'en
859 1257 968 1324 ferocia
986 1259 1017 1311 in
1034 1257 1159 1311 amicum
1177 1263 1331 1310 uteretur:
1354 1267 1380 1312 et

161 1327 280 1384 Tacitus
299 1346 412 1398 semper
429 1328 568 1394 ferociam
593 1328 770 1400 simpliciter
788 1327 892 1382 dicit.“
918 1330 990 1383 ΕΜ.
1027 1328 1114 1383 Panlo
1140 1336 1209 1399 post
1234 1344 1297 1380 eum
1319 1337 1379 1384 ente

161 1417 244 1470 caepe
262 1401 343 1456 addit
361 1399 421 1454 MS.
441 1400 538 1454 Guelf.
558 1401 590 1452 in
608 1418 702 1476 marg.
722 1407 751 1455 et
769 1399 814 1454 ed.
833 1398 884 1471 Spi
905 1439 912 1454 .
933 1433 964 1444 -
1002 1400 1114 1469 ceperit
1135 1399 1255 1467 facetiis
1273 1401 1378 1466 illutus,

162 1489 234 1544 quoe
253 1503 286 1516 -
305 1472 476 1542 relinquunt,
496 1474 534 1528 cf.
553 1473 581 1537 5,
599 1473 625 1528 2.
647 1480 721 1524 extr.
751 1500 784 1510 -
802 1418 903 1540 reperti
919 1485 1017 1538 cuneo,
1036 1471 1096 1524 odii
1114 1489 1212 1536 causa,
1233 1472 1378 1542 quaerela

162 1553 341 1599 memoratur
358 1544 438 1599 Suet.
458 1543 530 1596 Ner.
549 1545 594 1598 ³5.
631 1559 730 1611 repnte
747 1539 824 1597 MSS.
844 1551 874 1598 et
891 1543 954 1601 edd.
973 1550 1042 1611 vet,
1060 1550 1094 1595 ut
1113 1551 1142 1596 et
1159 1543 1236 1595 Ern.
1254 1545 1316 1615 Bip.
1334 1543 1377 1598 Ob.

162 1615 237 1668 Len.
272 1632 369 1668 recent
387 1613 449 1671 edd.
467 1615 548 1686 Lipa.
568 1615 755 1684 posteriores,
774 1613 853 1672 Pioh.
866 1615 952 1670 Grut.
972 1632 1034 1686 sqq.
1053 1613 1090 1668 ad
1106 1615 1180 1668 Ern.
1203 1615 1283 1683 quod
1300 1614 1378 1668 reati·

162 1695 248 1745 tuere
266 1686 358 1742 Bekk.
377 1689 404 1740 2.
425 1693 455 1741 et
472 1684 578 1740 Kiessl.
598 1685 643 1742 Cf.
663 1686 698 1741 ad
715 1689 743 1752 6,
762 1690 789 1754 7,
806 1689 833 1742 2.
854 1718 887 1730 -
921 1686 1069 1742 Statiliam
1085 1686 1290 1752 Messalinmn,
1312 1701 1376 1756 quaa

74 1802 80 1810 .
119 1781 120 1786 κ
161 1767 262 1883 gestes
280 1759 390 1812 Neroni
417 1773 507 1822 uxum
534 1757 615 1840 lips.
641 1775 669 1813 r.
695 1757 731 1812 ud
747 1760 775 1823 l,
793 1763 821 1824 l,
840 1763 866 1815 1.
906 1776 936 1810 r.·
959 1766 988 1814 et
1011 1757 1092 1813 Suet.
1110 1757 1180 1814 Ner.
1201 1761 1249 1828 35.
1287 1759 1320 1812 ln
1338 1759 1375 1812 ed.

163 1863 169 1881 .
187 1832 242 1902 pir.
262 1831 402 1888 omissum
419 1828 602 1886 matrimomo
621 1836 734 1886 etanta
752 1830 831 1884 inter
847 1829 882 1886 ad
905 1831 977 1886 'tum
995 1835 1032 1884 et.

592 1972 786 2030 CAPUT
827 1973 961 2028 nm..

82 2127 92 2138 ἥ
244 2062 355 2165 Igitur
385 2085 453 2128 non
482 2064 634 2144 crimine,
667 2084 734 2127 non
761 2073 953 2127 accusatore
984 2064 1174 2140 exsistente,
1205 2063 1285 2149 quia
1309 2081 1374 2144 spc-

163 2145 248 2214 ciem
268 2147 404 2209 iudiciis
426 2147 569 2212 induere
597 2168 664 2211 non
694 2157 838 2230 poterat,
871 2147 913 2210 ad
941 2149 1012 2211 vim
1039 2148 1280 2212 dominationis
1306 2165 1375 2206 con-

161 2249 281 2292 versus
313 2218 528 2293 Gerellanum
562 2233 737 2293 tribunum
771 2251 846 2294 cum
880 2231 1019 2294 cohorte
1051 2233 1196 2294 militum
1231 2229 1374 2292 immittit

162 2311 321 2394 iubetque
356 2315 554 2394 praevenire
587 2323 725 2376 conatus
757 2315 920 2393 consulis,
954 2334 1117 2398 occupare
1148 2317 1245 2379 velut
1273 2331 1373 2375 arcem

115 2472 118 2480 Ι
162 2396 246 2473 eiua,
268 2417 288 2457 ο
337 2399 459 2460 rimare
481 2395 641 2460 delectam
662 2398 882 2475 iuventutem,
905 2399 1151 2480 quiaVestinns
1172 2399 1374 2460 imminentes

162 2479 237 2541 loro
259 2499 297 2540 ae
323 2499 357 2540 es
380 2477 565 2562 decoraque
586 2482 727 2542 servitia
753 2490 787 2544 et
815 2483 890 2563 pari
918 2489 1025 2544 aetate
1054 2481 1207 2544 habebat.
1258 2477 1371 2540 Cuncta

162 2577 202 2622 eo
239 2559 294 2624 die
327 2564 443 2624 munia
474 2564 617 2625 consulis
652 2564 854 2645 impleuerat
894 2565 1151 2648 conviviumque
1190 2562 1373 2626 celebrabat

161 2642 247 2706 nihil
268 2651 420 2707 metuens
441 2664 483 2706 an
505 2644 743 2708 dissimulando
765 2643 868 2722 metu,
897 2667 999 2728 quum
1019 2649 1163 2732 ingressi
1185 2648 1307 2709 milites
1326 2663 1370 2707 oo-

124 2797 126 2802 ,
162 2729 233 2790 cori
253 2747 320 2790 enm
349 2749 369 2789 o
399 2728 530 2792 tribuno
559 2727 685 2791 dixere.
728 2729 790 2792 Ille
819 2729 904 2792 nihil
930 2729 1123 2793 demoratus
1152 2732 1314 2817 exsurgit,
1343 2734 1372 2788 ct

162 2812 274 2872 omnia
295 2812 395 2873 simul
440 2821 656 2894 reperentur.
700 2809 878 2875 Clauditur
897 2813 1061 2891 cubiculo,
1083 2822 1218 2895 praesto
1241 2821 1293 2876 est
1311 2829 1371 2874 me·

161 2891 268 2974 dicus,
289 2894 402 2956 abscin
426 2903 531 2956 untur
552 2913 666 2974 venae,
687 2897 805 2982 rigens
827 2893 936 2958 adhuc
957 2895 1075 2958 balneo
1093 2899 1253 2976 infertur,
1275 2891 1370 2957 calide

161 2994 245 3058 aque
267 2986 446 3055 mersatur,
468 2979 562 3040 nulla
583 2978 671 3042 edita
691 2998 784 3056 voce,
811 2997 877 3060 qua
897 2986 1002 3040 semet
1024 2981 1261 3044 miseraretur.
1303 2975 1370 3039 Cir-

161 3058 308 3122 cumdati
329 3063 466 3122 interim
488 3061 650 3143 custodia,
673 3063 730 3144 qui
750 3063 851 3124 simul
872 3059 1121 3143 discubuerant,
1143 3082 1205 3127 uec
1228 3062 1369 3142 nisipro·

160 3151 257 3204 vecta
279 3152 376 3208 nocte
398 3147 623 3224 missisunt,
654 3152 827 3228 postquam
854 3164 1013 3226 pavorem
1042 3165 1172 3227 eorum,
1201 3167 1243 3208 ex
1269 3161 1369 3206 mense

161 3227 314 3290 anitium¹
332 3229 595 3308 opperientinm,
628 3237 662 3290 et
688 3230 890 3315 imaginatus
928 3237 962 3291 et
991 3229 1137 3292 irridens
1170 3229 1266 3292 Nero
1294 3227 1367 3291 sotis

161 3308 314 3389 supplicii
336 3309 433 3372 luisse
453 3312 502 3371 ait
520 3331 581 3390 pro
603 3310 705 3390 epulis
726 3309 957 3374 consularibus.

88 3399 91 3409 '
233 3394 256 3445 1.
275 3390 395 3460 speciem
413 3392 533 3448 indiciis
549 3393 667 3448 induere
686 3410 742 3447 non
757 3399 888 3463 poterat3
914 3393 1024 3448 indicia
1040 3391 1161 3448 Vestino
1184 3392 1302 3447 adversa
1321 3405 1367 3460 per

160 3460 305 3514 scelerum
324 3462 470 3518 adiutores
489 3481 658 3535 comparare
676 3466 754 3519 Nero
778 3472 902 3536 poterat,
931 3465 982 3519 secl
1004 3466 1131 3548 speciem
1154 3463 1288 3519 veritatis
1310 3461 1365 3514 istis

160 3531 278 3586 indiciis
297 3532 416 3588 influere
434 3537 587 3606 nequibat;
606 3536 708 3590 Ritter.
744 3536 865 3605 speciem
881 3536 999 3589 indiciis
1016 3535 1134 3589 induere
1152 3536 1209 3592 MS.
1225 3537 1293 3612 Agr.
1312 3531 1364 3586 ean

160 3599 239 3671 Spir.
258 3603 374 3661 Walth.
411 3606 491 3660 lclem
517 3605 608 3660 eMS.
634 3607 715 3664 Flor.
745 3615 902 3662 enotarunt
924 3606 1004 3662 Pich.
1030 3615 1060 3662 et
1080 3609 1240 3673 Victorius,
1265 3605 1310 3660 sed
1329 3617 1362 3670 tp.

157 3673 281 3728 indiciis
304 3675 462 3744 adiungere
486 3677 584 3743 Furia,
613 3678 643 3731 id
664 3695 698 3732 ue
722 3680 836 3750 recepit
861 3679 933 3734 Ritt.
958 3678 1140 3747 antedictis
1165 3679 1280 3732 incinere
1296 3673 1361 3729 MSS·

158 3741 240 3822 Reg.'
257 3745 340 3800 Gorb.
369 3763 411 3814 ep.
435 3747 541 3800 indicii
565 3749 586 3805 i.
615 3697 673 3803 MS.
698 3747 770 3802 Bud.
799 3749 861 3805 edd.
887 3748 978 3806 Rhen.
1003 3751 1029 3805 2.
1049 3754 1076 3805 S
1104 3749 1170 3802 Ale.
1194 3751 1272 3822 Lips.
1295 3743 1362 3800 Pich·

158 3816 245 3870 Grut.
265 3827 310 3886 tp·
330 3817 436 3872 indicit
453 3819 587 3873 inducere
605 3819 663 3878 MS.
685 3819 783 3876 Guelf.
803 3837 845 3888 ep.
865 3819 975 3874 indicia
992 3819 1113 3874 induere
1131 3821 1293 3886 (Vestinum
1308 3825 1362 3870 un·

79 3887 81 3897 ⁴
157 3903 245 4008 guam
263 3905 348 3942 reum
366 3899 395 3944 et
414 3891 581 3945 convictum
599 3889 747 3954 damnare)
766 3907 825 3945 non
843 3893 920 3946 male
938 3890 1015 3946 MSS.
1036 3892 1118 3946 Harl.
1136 3891 1220 3946 Bodl.
1238 3893 1290 3946 lea.
1308 3886 1360 3944 edd·

180 3965 220 4014 ut.
235 3963 266 4038 ¹l.
285 3963 311 4016 2.
330 3959 395 4015 Ber.
416 3959 507 4016 Rhan.
527 3963 549 4019 1.
578 3964 702 4038 Berneg.
729 3981 790 4034 sqq.
815 3971 933 4033 praeter
949 3961 1067 4019 walth.
1087 3972 1117 4016 et
1134 3962 1206 4020 Ritt.
1228 3991 1261 4002 -
1279 3957 1362 4015 Geret-

157 4029 255 4083 lanum
278 4029 357 4085 MSS.
390 4033 470 4087 Flor.
496 4033 581 4098 (test.
600 4035 676 4090 Vict.
697 4043 727 4088 et
744 4035 850 4098 Furia)
868 4034 937 4111 Reg.
959 4033 1022 4088 edd.
1042 4033 1122 4106 Spir-
1139 4033 1255 4090 Walth.
1288 4032 1360 4086 Gert-

157 4099 255 4154 tanum
278 4103 336 4158 MS.
356 4103 455 4160 Gueli.
480 4110 510 4158 et
528 4103 589 4158 odd.
609 4107 666 4160 rel.
692 4105 861 4158 Geretonum
885 4104 959 4160 coni·
985 4103 1098 4162 Reines.
1128 4131 1162 4144 -
1186 4105 1314 4170 inntillt'l,
1333 4117 1356 4156 v.

157 4170 193 4230 ud
210 4175 239 4238 6,
259 4175 305 4238 45,
322 4177 348 4231 l·
369 4205 401 4217 —
420 4176 647 4243 occuparentur
665 4175 760 4230 urcino
777 4177 840 4230 eino
864 4209 897 4220 -
921 4175 1101 4231 imminenter
1126 4178 1192 4244 foro
1215 4178 1303 4243 aeder,
1326 4174 1357 4224 ci·

155 4242 255 4308 odlt,
276 4245 471 4311 31,4.‚}1.3,
496 4250 542 4311 70,
560 4251 587 4305 2.
611 4249 676 4302 hir.
695 4251 723 4313 2,
742 4250 767 4301 7.
793 4247 829 4303 de
852 4247 881 4305 Ρ.
900 4247 1018 4302 Valerio
1039 4263 1098 4302 eos.
1123 4249 1172 4301 oui
1195 4247 1289 4303 (latum
1310 4242 1358 4296 cri·

46 4381 49 4388 *
157 4312 245 4382 mini,
263 4315 338 4386 qnod
354 4317 531 4384 aedificasset
547 4318 581 4374 in
597 4333 706 4375 sumno
718 4317 817 4376 Velio:
837 4319 881 4376 iti
898 4319 958 4373 otto
976 4325 1060 4392 utque
1076 4319 1187 4376 ntunito
1205 4321 1264 4376 loco
1279 4327 1358 4372 urcem
