2826 4792
137 167 182 250 ,a
476 259 478 263 v
531 175 969 248 nonantulanam.

139 345 321 420 opperiretur
338 345 418 404 MSS.
436 345 520 404 Flos.
537 345 609 402 nat
627 353 659 404 at
681 345 819 402 Broterii.
844 352 876 402 at
899 324 1013 402 emeda
1032 343 1085 404 Pr.
1107 341 1291 415 ΜΝ*
1315 343 1362 402 ⁰⁶»
1404 293 1405 298 η

11 407 16 422 ’
82 447 84 454 ·
138 419 219 493 Spir.
255 417 432 487 „Sententia
448 419 584 496 vulgatae
601 426 659 478 est:
678 417 808 474 nonium
827 435 861 474 eo
879 419 1004 474 wasiers
1031 416 1141 474 velita
1158 415 1235 472 male
1259 434 1291 471 se
1308 415 1363 472 lu-

137 490 207 548 bere
232 508 307 558 rem,
336 491 620 564 ut'srspsetanium
641 491 791 556 rideatur,
820 507 908 562 quem
934 488 1047 544 exitum
1072 495 1189 542 sensata
1209 488 1363 558 Principis

137 562 274 618 habitura
293 563 349 630 sit3
367 571 400 617 ut
418 563 548 632 opperiri
565 567 592 628 2,
610 565 655 620 ii.
675 566 720 628 ll,
741 564 783 618 12.
803 561 840 614 ll.
859 564 887 627 2,
906 563 950 618 34.
969 559 1041 637 Agr
1060 563 1104 617 18.
1130 557 1187 614 θοὰ
1204 559 1274 630 quid
1289 557 1364 612 haec

139 635 197 690 sibi
216 633 321 688 volunt
345 635 377 688 in
402 633 462 688 hoc
485 633 643 690 verborum
661 635 820 687 contextui
857 631 992 686 lioneam
1018 639 1099 687 certe
1116 631 1260 684 rationem
1277 647 1365 702 prae·

139 704 308 762 cedentium
326 721 385 760 non
404 704 538 768 reddant,
557 707 590 759 in
607 699 719 776 quibus'
730 720 825 759 sermo
850 711 895 760 est
912 703 949 758 io
974 703 1195 759 imminentibus
1256 699 1364 755 riculis

137 791 193 849 per
212 775 275 846 ipsa
291 776 422 848 pericula
440 776 592 832 evitandis.
628 777 764 830 Fortasse
784 792 799 830 e
817 775 874 830 fide
892 773 972 830 MSS.
991 773 1048 850 leg.
1068 779 1099 846 ut
1118 778 1211 828 eeaecl
1249 771 1366 826 hiaci-

136 847 187 918 pie
204 847 366 915 operiretur·
383 846 497 914 (Silius)
514 848 563 902 val
581 848 765 916 operirentur
783 845 886 907 (Silius
905 855 936 902 et
953 844 1115 910 Messalina)
1133 844 1165 901 h.
1182 861 1206 898 s.
1226 852 1365 924 tegeren-

139 925 206 984 tur;
224 925 258 970 ut
276 919 431 972 doraeett'oa
448 921 525 973 mala
543 918 670 973 tristitia
689 917 841 986 operienda
853 921 883 984 3,
893 920 938 974 1&
956 925 985 972 et
1000 914 1234 986 operiripre'aatu
1245 917 1367 968 culm

140 987 187 1042 rea·
201 988 333 1057 publicae
350 987 437 1042 malis
451 988 579 1056 tt.1,at.
601 989 804 1044 Germanicas
816 989 897 1042 dala
915 989 968 1043 sie
986 986 1104 1041 durch
1121 988 1182 1042 des
1205 987 1366 1040 Fiirsten

138 1059 249 1114 Alter
266 1059 427 1136 gadeckt
444 1064 576 1114 arinen.
613 1059 691 1112 Tum
715 1065 815 1114 monet
840 1057 941 1123 Silius,
968 1074 1027 1112 non
1047 1074 1110 1112 eam
1137 1073 1199 1114 esse
1223 1057 1367 1112 securita-

138 1138 211 1196 tem,
230 1147 318 1200 quam
335 1138 422 1202 putet
440 1130 476 1185 ab
496 1139 641 1186 senectam
651 1130 806 1200 Principis.
826 1127 882 1184 Sed
899 1129 945 1183 nil
961 1129 1058 1182 ausim
1075 1129 1230 1182 definire.“
1253 1125 1364 1182 Waltla.

138 1201 248 1271 Recepi
265 1201 340 1254 hanc
358 1200 525 1266 lectionem,
610 1201 748 1256 ssaltem
772 1203 869 1271 aptior
893 1208 937 1255 est
963 1208 993 1254 et
1017 1215 1034 1252 o
1055 1201 1196 1253 timorum
1219 1199 1367 1252 librorum
1404 1209 1405 1212 ’

139 1273 315 1330 auctoritate
333 1273 449 1327 nititur.
487 1272 560 1326 Clau
582 1273 624 1326 'aas
648 1280 720 1326 tunc
742 1288 851 1326 annum
874 1271 977 1326 aetatis
1045 1269 1097 1327 111.
1122 1267 1232 1344 egebat
1262 1299 1297 1312 -
1320 1269 1367 1322 ia·

139 1343 272 1400 coalitus
289 1343 409 1397 iaaoaia
427 1343 564 1398 coasilio:
600 1349 727 1411 „ectum
751 1343 876 1397 consilia
900 1359 962 1398 esse
984 1342 1049 1396 sine
1075 1340 1179 1396 dunno
1198 1359 1221 1398 s.
1241 1355 1317 1394 noxa
1336 1347 1366 1394 et

138 1413 285 1488 periculo,
319 1431 367 1468 eos
385 1415 549 1486 prudenter
566 1417 661 1492 magis
680 1422 709 1468 st
728 1423 790 1468 arte
817 1431 904 1484 mm
922 1412 953 1466 ri
971 1429 1074 1489 agerea
1110 1420 1213 1468 contra
1238 1409 1368 1480 flagitiis

140 1485 276 1542 cethan
319 1483 914 1541 idaetobsourssuomb.Unsohulai
951 1485 1170 1538 enaiernten
1187 1481 1368 1537 anschid-

140 1556 246 1612 liche
295 1556 462 1611 athsclal'i
495 1555 691 1624 o‚etliickl.
716 1553 911 1610 fiirSclaul
943 1556 1165 1610 locew‘a'ren
1181 1553 1368 1608 anschiti-

141 1627 247 1683 liche
265 1575 546 1704 Manisregelnf‘
568 1627 678 1684 Waltlt.
698 1659 732 1672 -
751 1627 851 1682 adesse
869 1627 997 1682 camelos
1014 1625 1195 1711 flagitiorum
1210 1626 1298 1694 paria
1310 1642 1368 1678 rae-
1404 1689 1405 1692 Ἴ

65 1725 68 1731 f
141 1705 263 1767 tuentes,
282 1699 380 1754 eadem
398 1699 546 1770 pericula:
563 1699 782 1770 'properandum
800 1700 903 1775 igitur,
928 1715 965 1752 ne
983 1696 1127 1750 indictum
1174 1697 1368 1763 roliteantur3

140 1771 228 1828 Brat.
255 1771 344 1840 paria
367 1771 430 1826 edd.
460 1771 521 1827 Put.
542 1774 567 1826 1.
586 1773 612 1828 2.
643 1779 673 1826 et
701 1770 769 1824 dein
787 1785 896 1825 omnes.
911 1769 1042 1838 patr-iam
1059 1766 1117 1824 MS.
1176 1767 1246 1822 usli.
1273 1777 1302 1822 et
1322 1767 1368 1821 ed.

142 1843 221 1914 Spir.
258 1841 314 1896 ssa
332 1844 421 1897 lectio
441 1851 506 1907 orta
523 1859 559 1896 ex
577 1842 630 1895 illa
649 1839 943 1910 Ms.t*10s.pae·am,
973 1849 1002 1894 et
1020 1839 1092 1894 haec
1111 1857 1147 1894 ex
1164 1855 1197 1894 eo
1224 1838 1301 1910 quod
1329 1839 1369 1892 li·

141 1914 277 1968 literam
296 1931 312 1968 e
329 1913 420 1967 verbo
438 1930 468 1967 se
491 1951 498 1966 .
517 1911 655 1967 adhaesit.
677 1940 710 1950 —
729 1913 840 1966 Vitiosa
864 1911 893 1964 ei
910 1911 1042 1966 caelibem
1067 1910 1129 1965 att
1149 1910 1243 1966 Oberl.
1270 1918 1299 1964 et
1328 1911 1367 1964 al.

59 2019 61 2025 ,
141 1985 259 2039 celibem
276 1983 339 2038 eii.
357 1992 417 2040 vet,
437 1933 493 2039 sel
511 1983 619 2037 caelebs
636 1984 669 2036 in
686 1985 776 2038 inscr-
795 1983 871 2037 Gori
889 1981 922 2036 Τ.
942 1983 973 2036 l>
984 1999 1015 2052 p.
1034 1985 1096 2038 257.
1116 1989 1146 2037 et
1158 1982 1245 2035 Grai.
1263 1985 1368 2052 pata,

141 2053 322 2113 1.“Wa1et.
360 2054 395 2106 ln
422 2054 488 2108 aliia
507 2055 631 2110 ,coelebs
660 2085 693 2098 -
719 2053 828 2123 nuptiis
853 2059 880 2107 et
909 2053 1070 2124 adoptando
1089 2054 1142 2107 Br.
1160 2059 1306 2123 paratum,
1334 2053 1370 2107 ad

141 2129 260 2198 nuptias
279 2131 309 2180 et
326 2125 511 2194 adoptionem
529 2124 702 2181 Britannici.
722 2155 756 2168 -
772 2131 807 2179 ut
824 2123 944 2179 insidiis
961 2126 1115 2192 insatiata,
1136 2125 1188 2178 s'la
1212 2124 1276 2178 irae
1297 2139 1378 2195 pro--

41 2225 46 2252 t
141 2213 254 2268 perata,
273 2215 304 2250 r.
323 2196 359 2250 ad
377 2201 405 2257 1,
424 2197 469 2262 68,
487 2199 515 2252 2.
612 2230 617 2240 ·

215 2271 241 2325 2.
261 2267 406 2334 segniter,
425 2273 599 2322 cunctanter
615 2267 847 2338 dubitanterque,
867 2283 916 2324 eue
933 2283 1015 2322 voces
1032 2274 1163 2337 acceptae
1180 2267 1368 2325 aMeasalina.

144 2355 195 2394 eae
212 2338 270 2393 MS.
290 2337 372 2392 Flor.
393 2335 457 2390 edd.
477 2337 567 2395 Bekk.
587 2342 613 2396 2.
634 2347 663 2394 at
680 2337 795 2393 Walth.
815 2337 868 2394 lae
887 2339 1026 2394 edd..cet.
1046 2339 1092 2394 Cf.
1112 2339 1149 2394 ad
1172 2357 1198 2392 c.
1216 2343 1260 2397 22.
1286 2357 1319 2392 u.
1341 2345 1368 2396 1.

143 2427 191 2484 pr.
212 2443 245 2454 -
265 2425 370 2473 amore,
390 2411 427 2461 cf.
447 2408 510 2466 lnd.
532 2410 587 2463 lll.
606 2428 634 2464 r.
654 2409 783 2464 Allotiae'
802 2409 1051 2465 substantivorum
1071 2410 1204 2468 absoluti.
1234 2443 1265 2454 -
1291 2427 1371 2464 sant-

144 2497 193 2535 ma
215 2482 333 2550 adeptus
353 2477 408 2534 MS.
431 2480 515 2551 illan
530 2481 592 2536 edd.
609 2480 673 2535 Ber.
686 2479 779 2535 Rhea.
794 2486 819 2538 1.
839 2482 919 2553 lips.
939 2489 969 2537 et
987 2499 1047 2536 rec.
1067 2495 1203 2537 summam
1222 2483 1267 2535 ad.
1286 2475 1368 2536 MSS.

145 2553 246 2606 Gaall.
266 2551 336 2604 Bul.
356 2559 386 2606 et
402 2550 542 2618 Broterii,
562 2553 624 2609 edd.
645 2551 706 2608 Put.
727 2557 753 2608 1.
772 2555 800 2610 2.
819 2551 911 2610 Rhen.
930 2556 958 2608 2.
978 2555 1004 2608 3.
1024 2551 1090 2606 Ala.
1112 2553 1156 2608 Oi.
1176 2553 1213 2608 ad
1230 2557 1257 2618 2,
1275 2556 1323 2621 45,
1342 2557 1369 2610 2.

144 2655 180 2669 --
199 2623 278 2678 inter
291 2621 449 2691 ancipitia,
467 2641 496 2676 r.
517 2623 554 2676 od
572 2629 597 2692 1,
616 2625 661 2688 ii,
679 2628 706 2680 2.
729 2655 760 2666 -
776 2625 900 2693 pretiis:
919 2625 950 2677 in
969 2624 1031 2678 add.
1051 2623 1070 2677 S
1092 2627 1128 2684 ir.
1146 2624 1212 2678 Ber.
1228 2623 1326 2678 lihen.
1346 2629 1369 2682 1.

143 2697 261 2766 preciis.
281 2725 313 2739 -
331 2695 497 2749 aestimaret
516 2694 578 2749 edd.
599 2697 660 2750 Put.
681 2698 707 2753 2.
726 2695 792 2750 Ber.
811 2695 848 2762 (c.
869 2693 916 2751 sil.
936 2696 1026 2762 vict.)
1091 2713 1139 2752 en.
1157 2695 1224 2750 Ali.
1253 2703 1282 2750 et
1300 2696 1370 2751 dein

146 2783 255 2822 omnes.
275 2765 455 2820 existimaret
474 2765 533 2820 MS.
553 2767 652 2820 Guell.
672 2767 735 2824 edd.
756 2765 834 2837 Spir.
854 2766 917 2824 Put.
938 2772 963 2822 l.
984 2766 1030 2824 ct.
1047 2767 1085 2821 od
1098 2772 1146 2833 1³,
1165 2771 1209 2825 1⁷.
1237 2799 1271 2810 -
1290 2767 1371 2836 lasa·

145 2835 222 2892 miae
245 2838 322 2908 opud
344 2839 487 2907 prodigos
510 2837 666 2892 aoaiemma
689 2837 845 2904 (extrema)
871 2835 1001 2907 voluptas
1025 2845 1083 2892 eet.-
1120 2839 1371 2915 „Elegantissime

146 2925 263 2986 gnome,
283 2909 366 2961 cuius
385 2926 506 2962 acumen
531 2925 590 2961 non
613 2908 692 2980 cepit
710 2909 872 2972 Ferreum,
899 2911 950 2980 qui
972 2907 1046 2963 haec
1071 2909 1148 2964 (licta
1166 2913 1280 2964 censuit
1296 2927 1369 2982 pro:

146 2999 234 3052 wem
253 2979 404 3034 infamiam
423 2980 475 3050 qui
492 2979 656 3056 prodigunt
673 2987 702 3035 et
719 2978 912 3051 profundunt,
930 2978 1009 3033 nihil
1026 2979 1135 3034 habent
1148 2981 1299 3053 praeterea
1319 2997 1371 3035 ro·

146 3051 280 3121 luptatis,
307 3050 367 3116 rel,
436 3051 498 3104 ibas
525 3051 648 3106 infames
673 3067 734 3106 esso
762 3049 898 3126 contigit,
928 3051 1008 3104 nihil
1032 3061 1165 3123 superest
1181 3061 1300 3123 praeter
1318 3069 1371 3107 ro-

145 3123 300 3192 luptatem.
364 3140 403 3192 xp
419 3123 499 3176 icant
520 3121 587 3176 Son.
616 3139 661 3194 ep.
682 3126 741 3180 123.
762 3120 854 3189 (122.)
878 3121 977 3176 aoluat
1005 3123 1242 3193 solitapeccare,
1268 3125 1370 3195 pullae

61 3231 63 3238 ·
144 3193 283 3264 peccandi
296 3194 455 3262 praeatum
472 3193 596 3261 infantia
614 3200 666 3258 eet,
685 3203 715 3248 et
731 3193 828 3250 Valer.
848 3194 923 3248 Max.
942 3197 969 3260 6,
989 3198 1015 3252 9.
1035 3201 1094 3252 ext.
1114 3200 1140 3252 1.
1163 3213 1210 3265 pr.
1237 3197 1370 3264 perditae

146 3264 282 3320 lusanae
304 3261 427 3317 Alienis
450 3265 611 3319 adolescens
634 3265 746 3320 Polemo
778 3282 867 3335 aeque
893 3265 1036 3319 illecebris
1063 3271 1174 3320 lantum
1197 3266 1288 3336 (eiua)
1320 3267 1371 3321 sed

146 3336 238 3391 etiam
256 3335 321 3404 ipsa
339 3334 462 3401 infamio
485 3337 626 3404 gaudeas.
663 3337 709 3390 lta
732 3344 829 3390 autem
854 3345 912 3390 est:
939 3335 1105 3392 hominibus
1128 3337 1255 3408 perditis
1281 3347 1313 3394 et
1335 3337 1371 3392 ad

146 3407 170 3460 u
210 3407 261 3459 'tia
278 3407 419 3477 proiectis
437 3406 499 3474 ipsa
517 3407 639 3460 infamia
657 3408 791 3478 voluptas
809 3407 885 3462 est“
903 3407 982 3476 Lipa.
1008 3407 1054 3462 Gi.
1073 3417 1103 3462 et
1126 3409 1257 3465 lurensi
1276 3414 1305 3476 l,
1324 3411 1368 3466 48.

147 3478 177 3545 0,
233 3480 305 3532 .21.
322 3475 488 3544 „prodigos
506 3495 546 3532 sc.
564 3481 673 3533 samace
701 3496 788 3548 quam
806 3481 858 3550 qui
874 3481 959 3550 prodi
1002 3487 1036 3533 nt
1053 3487 1140 3552 atque
1166 3487 1368 3546 contemnant,

147 3549 267 3602 tandem
297 3564 330 3602 ea
353 3549 497 3603 amentiae
514 3549 647 3614 veniunt,
674 3556 707 3602 ut
730 3547 793 3620 ipsa
817 3551 941 3604 infamia
985 3551 1151 3606 electantur·
1175 3570 1211 3624 ap
1250 3559 1369 3623 lantque

128 3625 193 3686 sa,
211 3617 288 3673 unde
305 3616 354 3672 rel
372 3619 497 3673 maxima
515 3620 636 3674 artemia
653 3620 785 3676 ueniat.“
803 3619 874 3674 Era.
911 3621 1003 3676 lmmo
1022 3617 1151 3687 ἀσώτους,
1177 3570 1255 3678 Galil.
1274 3627 1369 3690 roais,

148 3689 180 3746 la.
198 3708 223 3745 e.
241 3692 274 3744 in
292 3706 378 3744 omne
404 3707 495 3766 genus
521 3689 684 3766 flagitiosae
705 3691 866 3762 voluptatis
894 3693 1017 3760 effusam
1047 3693 1153 3748 Woltlc
1191 3695 1236 3749 lta
1261 3703 1291 3749 et
1316 3709 1369 3771 ego

150 3761 258 3816 dudum
278 3761 488 3832 interpretatus
507 3779 572 3820 sum
590 3761 666 3816 hano
682 3779 795 3817 rocem.
815 3795 849 3805 -
868 3765 933 3818 aium
950 3765 1090 3832 sacrificii
1107 3766 1209 3835 gratia
1222 3766 1369 3830 cloatius,

149 3831 367 3957 adpontificia
387 3833 507 3886 maximi
531 3834 620 3887 sacris
644 3836 788 3906 praelecti
815 3851 936 3890 munere
952 3835 1137 3912 fungebatur,
1156 3843 1197 3902 (v.
1214 3837 1369 3903 ad1‚3‚1.)

176 3902 262 3957 stiam
283 3901 523 3971 proficisceretur:
560 3905 675 3970 „animi
701 3905 841 3977 pellicum
886 3924 901 3962 e
928 3923 1011 3961 causa
1034 3909 1077 3961 ait
1101 3910 1204 3963 Victor
1225 3907 1262 3964 de
1288 3909 1368 3964 Gaea·

149 3991 176 4028 c·
195 3975 221 4028 4.
241 3971 291 4026 sed
309 3975 418 4028 rectius
437 3975 480 4028 rai
497 3976 707 4030 frumentariae
725 3978 820 4052 gratia
864 3979 893 4032 in
906 3979 952 4044 to,
972 3983 1015 4036 ³1-
1035 3979 1109 4034 Nam
1126 3979 1213 4036 huius
1223 3981 1268 4035 rei
1285 3997 1370 4034 censa

149 4043 316 4111 aclaudio,
335 4047 386 4130 qui
409 4054 529 4115 portum
548 4046 693 4101 celebrem
718 4056 748 4101 et
771 4046 896 4118 pharum
919 4049 1014 4106 Ostiae
1038 4053 1195 4118 exstruxit,
1228 4054 1268 4117 (r.
1288 4050 1368 4106 Suet·

150 4117 255 4184 o·19·)
282 4115 459 4171 sacraficium
483 4120 615 4189 suspicor
641 4119 810 4174 institutum
834 4121 865 4174 in
890 4119 959 4175 aede
984 4122 1148 4189 Castorum,
1172 4123 1315 4189 (Castoris
1339 4129 1369 4176 et

150 4185 295 4254 Pollucis3
314 4183 398 4248 mi
420 4187 456 4240 H·
476 4191 502 4256 2,
520 4189 577 4256 24.)
604 4188 682 4260 quim
705 4207 814 4245 numen
838 4190 879 4245 ibi
903 4192 1016 4246 cultum
1042 4203 1198 4248 ventorum
1224 4195 1369 4263 onerisque

74 4299 83 4312 ,
151 4275 245 4328 musa,
262 4276 378 4316 oacrum
396 4273 467 4316 vero
485 4267 661 4346 perpetuum
674 4261 990 4330 celebratumsollenni
1008 4262 1128 4336 quadam
1147 4264 1368 4324 laetitiamonse
