2854 4788
211 199 276 266 alo
583 191 827 260 ANNALHJM
859 193 944 262 m.
972 193 1052 260 XV.

212 367 287 428 eine
306 363 468 442 trabibne,
490 381 569 428 earo
583 359 898 426 Gabinoulbenova
917 357 1156 438 solidarentur,
1178 364 1262 447 qnod
1282 365 1309 428 ie
1327 367 1396 450 lapis

212 449 346 534 ignibus
366 449 549 529 impervios
566 455 633 508 eet:
655 447 721 508 iam
741 464 826 530 aqna
839 447 1052 527 privatorum
1074 445 1397 534 licentia-intercepta,

213 551 278 616 quo
300 531 429 616 largior
450 538 483 594 et
505 530 658 613 pluribus
677 529 761 590 locis
789 526 825 590 in
852 528 1026 611 publicum
1053 529 1183 608 flueret,
1214 531 1354 596 custodes
1372 545 1402 595 et

213 613 361 676 subsidia
382 611 602 696 reprimendis
625 613 756 698 ignibus
777 613 814 674 in
835 611 1014 698 propatulo
1036 613 1171 696 quisque
1192 613 1330 692 haberet,
1349 637 1397 678 nec

212 698 447 760 communione
468 697 645 778 parietum,
665 693 724 758 aed
746 697 1055 778 propriieonaeqne
1076 699 1181 760 muria
1201 699 1394 764 ambirentur.

212 779 261 842 Ea
288 799 328 842 ex
356 779 502 842 utilitate
529 786 664 860 accepta
697 777 851 842 decorem
879 796 1008 860 quoque
1036 795 1142 856 novae
1169 780 1246 843 urbi
1266 783 1396 844 attulere.

213 863 318 924 Erant
337 869 447 923 tamen
469 862 527 944 qui
553 859 740 940 crederent,
771 868 921 924 veterem
949 861 1042 922 illam
1070 863 1209 924 sormam
1234 863 1396 926 salubritati

211 946 320 1032 magii
339 942 547 1020 conduxiece,
569 945 722 1028 quoniam
744 947 916 1031 angustiae
936 945 1098 1005 itinerum
1113 953 1148 1007 et
1160 943 1296 1008 altitudo
1313 956 1396 1008 tecto

212 1047 288 1092 rum
310 1045 376 1088 non
396 1025 536 1111 perinde
568 1027 646 1089 solis
667 1045 793 1111 vapore
813 1035 1132 1109 perrumperentur3
1167 1035 1305 1090 atnunc
1322 1041 1396 1112 patu-

211 1112 277 1258 larp
318 1109 530 1174 latitudinem
564 1116 598 1174 et
632 1109 726 1180 nulla
767 1109 886 1174 umbra
926 1107 1093 1175 defensam
1134 1113 1288 1197 graviore
1324 1121 1396 1175 aestu

211 1215 251 1260 ar
274 1213 396 1258 escere.

283 1299 309 1350 l.
338 1292 423 1346 urdir
444 1309 514 1364 quae
537 1292 637 1348 donnae
658 1299 825 1364 upereront
848 1307 905 1348 eoa
922 1321 956 1334 -
975 1301 1083 1349 erectae
1107 1291 1170 1350 edd.
1190 1296 1252 1350 Pot
1268 1299 1293 1353 1.
1310 1297 1332 1351 2
1347 1295 1395 1348 ber.

210 1363 263 1434 (ad
280 1383 366 1437 quam
385 1365 469 1418 siluit
486 1365 574 1432 vict.)
592 1365 683 1421 liben.
706 1373 728 1424 l.
748 1370 775 1423 2.
794 1371 822 1422 a.
874 1383 900 1435 q.
920 1383 1013 1438 usquo
1037 1364 1074 1420 id
1090 1367 1164 1421 Ero.
1184 1367 1262 1422 erbis
1283 1383 1344 1438 pare
1358 1368 1394 1420 to-

211 1455 273 1492 mur
290 1453 313 1490 e.
334 1453 388 1490 non
406 1466 439 1478 —
454 1442 549 1490 erecto
567 1437 622 1492 blS.
646 1438 716 1491 Bud.
736 1445 766 1493 et
783 1438 827 1494 ed.
870 1439 926 1509 pir.
945 1439 1028 1492 ertio
1045 1453 1116 1508 qaae
1133 1439 1255 1492 donaun
1271 1454 1295 1492 r.
1312 1455 1356 1492 non
1372 1463 1394 1478 -

210 1515 307 1563 erecto
331 1507 408 1562 MSS.
436 1508 508 1565 Bud.
533 1510 565 1562 in
588 1527 679 1586 marg.
702 1527 719 1563 a
741 1527 781 1562 ιιι.
808 1526 862 1564 rec.
888 1509 968 1562 llarl.
994 1509 1074 1566 Bodl.
1100 1508 1156 1567 lea.
1178 1510 1273 1564 Gueli.
1292 1510 1330 1563 ed.
1345 1510 1393 1578 ttip.

210 1581 307 1636 dovnei
325 1579 402 1636 MSS.
421 1579 499 1634 Flcr.
519 1577 609 1646 (teste
627 1581 684 1635 lac.
704 1579 807 1646 Gran.)
825 1580 895 1657 Reg.
917 1581 993 1634 ilinc
1011 1597 1083 1654 pace
1101 1579 1191 1646 (loca)
1210 1581 1299 1636 domei
1314 1581 1393 1644 (Nero-

142 1707 149 1724 .
210 1653 269 1714 nic)
288 1658 451 1720 repererant
468 1654 678 1722 (praeteream
696 1653 811 1724 reliqua
829 1657 923 1714 erant)
942 1661 1036 1707 erecto
1055 1651 1211 1719 (aedificiis
1228 1660 1358 1722 occupata,
1371 1652 1393 1702 in

210 1725 248 1778 iis
268 1724 368 1778 domur
387 1723 513 1790 erectae)
532 1723 596 1777 edd.
614 1723 686 1779 Ero.
707 1725 787 1780 Brot.
805 1723 880 1778 bell.
899 1723 994 1780 Oberl.
1014 1727 1088 1781 bin.
1107 1723 1197 1778 Bekk.
1217 1722 1297 1776 Nihil
1312 1723 1393 1774 horon

210 1798 279 1850 cetis
303 1795 418 1866 placere
444 1795 565 1866 poterit,
597 1811 692 1866 aequa
715 1794 779 1849 olla
801 1797 937 1873 vulgatae
961 1796 1100 1850 lectionis
1124 1793 1291 1866 explicatio.
1322 1794 1341 1848 l.
1357 1793 1393 1846 tr.

210 1867 375 1922 Gronoviua
393 1868 620 1936 interpretatur:
647 1867 750 1920 domne
777 1867 810 1920 in
827 1867 909 1933 locis,
937 1885 1010 1940 quae
1027 1866 1095 1920 arbi
1113 1875 1182 1937 port
1205 1871 1312 1919 tantum
1328 1863 1392 1935 spatii

209 1938 371 1992 detractum
390 1945 419 1992 et
439 1937 526 2014 'regia
549 1955 600 1991 aua
617 1937 757 1992 immensa
780 1939 958 2008 occupatum
979 1938 1094 2009 reliqua
1115 1941 1228 1992 iecerat
1254 1935 1333 2002 Nero,
1356 1951 1393 1986 noa

208 2017 327 2074 erectae,
347 2009 510 2063 aedificatae
528 2016 604 2061 sant.
634 2007 788 2064 Walther:
812 2026 883 2080 qaae
899 2009 980 2064 artie
1003 2011 1102 2065 demur
1120 2014 1294 2077 repererant,
1317 2009 1393 2061 domu

208 2081 289 2134 urbis
309 2095 380 2150 qaae
397 2083 563 2147 repererant
580 2095 620 2132 sc.
641 2088 760 2150 praeter
777 2080 903 2134 Neronia
921 2081 1049 2146 domum,
1077 2087 1194 2134 ceterae
1216 2081 1294 2134 urbis
1309 2079 1393 2132 domne.

209 2149 420 2226 Kieeslingiuae
454 2165 527 2219 quaa
549 2147 630 2204 urbii
648 2151 750 2204 domuc
769 2168 867 2222 cuper,
894 2159 1011 2223 praeter
1032 2151 1161 2208 Neronis
1185 2151 1299 2206 domum
1323 2151 1393 2223 arige-

208 2223 323 2286 bantur,
341 2237 400 2274 non
418 2225 530 2274 erectae
549 2229 626 2277 aunt.
664 2221 798 2296 „Pugnat
815 2223 848 2275 in
865 2239 896 2276 ee
912 2224 1075 2278 cententiae
1104 2223 1230 2278 sienim
1246 2225 1392 2290 munau,

208 2289 351 2364 quomodo
371 2291 502 2344 erectae!
538 2292 616 2362 quod
639 2291 676 2344 in
690 2290 803 2344 dirutae
827 2294 1016 2366 incensasque
1034 2293 1183 2351 convenit.
1220 2293 1342 2348 Paterim
1363 2291 1393 2342 lc·

205 2363 349 2440 gendum:
378 2375 449 2432 quae
466 2363 565 2416 doma
580 2361 759 2432 perierant.“
776 2361 856 2433 upa.
892 2365 936 2420 De
954 2383 986 2421 re
1001 2365 1064 2438 ipre
1081 2367 1121 2420 ct.
1140 2365 1223 2420 Suet.
1242 2365 1307 2420 Ner.
1324 2365 1391 2419 lb·-

207 2449 271 2501 non,
290 2441 322 2487 et
337 2440 402 2503 poet
419 2433 532 2487 Gallico
549 2433 691 2500 incendio,
711 2434 788 2488 nullo
806 2435 991 2491 dictinctione
1009 2453 1060 2491 nec
1074 2437 1187 2506 porcien
1204 2443 1317 2502 erectae,
1332 2453 1353 2486 r.
1368 2429 1393 2484 nl

207 2523 232 2562 o.
252 2507 295 2562 38.
316 2523 344 2558 n.
366 2511 392 2562 1.
409 2537 443 2550 -·
479 2505 658 2576 cohibitaque
674 2505 869 2573 aedificiorum
886 2509 1058 2564 altitudinee
1076 2507 1130 2574 „ad
1147 2505 1283 2562 incendia
1298 2503 1393 2559 ιιιιιᾶι

206 2585 236 2632 et
253 2578 381 2631 maxime
399 2577 506 2630 ruinae.
522 2641 524 2644 Ι
543 2577 621 2632 ilinc
638 2578 785 2654 Augustus
804 2577 932 2634 aedilicia
957 2581 1045 2650 pedes
1061 2579 1134 2632 LXX
1151 2578 1260 2634 tollere
1276 2576 1393 2650 permisit

206 2647 348 2704 Traianuo
366 2647 505 2704 duntaxat
522 2649 579 2717 LX,
597 2649 650 2720 qui
667 2649 767 2703 moder
785 2651 908 2706 fortasse
933 2659 964 2704 et
979 2651 1162 2706 Neronianus
1188 2651 1255 2704 tuit.
1278 2667 1305 2705 v.
1321 2645 1393 2700 Strab-

206 2721 241 2788 V,
261 2724 289 2776 3.
309 2723 335 2776 7.
354 2728 429 2774 extr.
452 2735 482 2792 p.
500 2724 561 2778 235.
589 2719 671 2774 Suet.
686 2721 748 2776 Oct.
776 2738 801 2774 c.
820 2724 865 2778 82.
888 2721 959 2777 Aur.
978 2724 1083 2776 Victor
1105 2722 1179 2792 epit.
1200 2721 1267 2779 13.“
1290 2719 1392 2788 lipsius·

206 2791 251 2846 Cf.
279 2789 315 2846 ad
338 2793 365 2857 6,
390 2794 435 2857 45,
461 2798 485 2848 l.
522 2789 697 2862 cohibitaque
727 2790 803 2845 MSS.
828 2791 908 2846 mor.
935 2793 1025 2860 (terte
1047 2794 1103 2848 lao.
1130 2794 1237 2859 Gron.)
1260 2791 1325 2869 Agr.
1348 2786 1393 2842 edd

205 2861 283 2934 Spir.
302 2862 396 2932 Ryck.
417 2879 479 2934 sqq.
515 2861 638 2917 collidite
656 2861 733 2916 MSS.
753 2863 834 2920 Harl.
853 2865 933 2920 Bch
953 2865 1006 2919 lea.
1024 2863 1092 2918 But.
1114 2863 1214 2919 Gueli.
1235 2870 1262 2920 et
1279 2861 1333 2917 edd
1350 2857 1392 2912 reb

205 2965 240 2978 -
256 2933 412 3002 patefactis
430 2935 508 2987 inter
523 2935 654 2989 aedificia
681 2941 711 2988 et
733 2935 814 2988 vicos
840 2936 929 3001 creir,
957 2935 1063 3008 amplis
1082 2937 1186 3005 spatiis
1206 2953 1228 2990 e.
1246 2931 1392 2987 intervallis·

204 3005 324 3060 Fabiani
341 3005 429 3060 verbe
446 3022 491 3075 ap.
504 3005 569 3062 Seu.
588 3013 720 3058 controv.
740 3003 851 3060 CCXIX
869 3014 951 3060 eunte
973 3007 1065 3061 Tanto
1083 3007 1209 3060 altitudo
1228 3005 1393 3072 aedificiorum

203 3084 250 3131 ert
266 3083 416 3146 lentaeque
433 3078 546 3130 riarum
564 3075 724 3146 angustiae,
741 3083 773 3130 ut
790 3093 875 3148 reque
893 3079 1027 3132 adver-rue
1050 3079 1146 3148 ignem
1161 3077 1339 3146 prdeeidiarn,
1358 3087 1393 3124 ne·

204 3163 310 3220 queen
326 3147 420 3199 ruinr'c
437 3147 525 3202 attam
543 3148 574 3202 in
591 3155 704 3216 partem
726 3149 862 3216 effugium
879 3151 925 3204 rit.
946 3181 980 3194 --
1016 3150 1182 3221 additisque
1207 3147 1353 3220 porticibus
1368 3167 1393 3180 -

47 3241 50 3250 ¹
133 3237 137 3248 ⁸
199 3219 346 3288 pollicitae
365 3225 417 3284 eet,
436 3221 473 3272 ci.
494 3218 574 3274 Suet.
594 3219 664 3273 Ner.
683 3223 727 3276 ld.
764 3219 880 3275 Mallem
899 3221 1010 3275 odditie
1028 3237 1146 3292 quoque,
1165 3221 1234 3292 quia
1251 3226 1285 3286 et,
1302 3235 1339 3281 oc,
1355 3229 1393 3284 pat

204 3291 262 3345 iam
286 3289 413 3358 dictum3
440 3291 524 3345 Brot.
561 3289 618 3345 Sed
643 3307 674 3344 v.
697 3291 733 3346 ad
751 3289 787 3346 G.
806 3297 833 3348 l.
852 3310 881 3345 ιι.
900 3297 926 3351 l.
947 3322 980 3334 -
1016 3307 1087 3363 qaae
1113 3295 1238 3359 frontem
1261 3289 1393 3344 inealonn

200 3367 394 3431 protegerent,
412 3379 439 3414 v.
459 3360 495 3415 ed
511 3366 538 3427 2,
557 3363 602 3429 56,
623 3366 646 3417 l.
667 3369 697 3414 et
714 3363 741 3426 6,
760 3363 804 3428 45,
825 3367 849 3419 1.
863 3391 896 3402 -
920 3363 979 3418 line
994 3365 1126 3432 porticae
1143 3363 1222 3418 Nero
1240 3357 1312 3418 MSS.
1330 3357 1392 3410 llor-

203 3431 293 3498 (teate
311 3433 367 3488 lac.
387 3433 491 3495 Gron.)
509 3431 579 3486 Bud.
600 3432 697 3487 Gueli.
717 3433 779 3488 edd.
799 3434 861 3487 Put.
878 3440 902 3490 1.
921 3439 948 3492 2.
966 3435 1031 3492 Ber.
1051 3435 1203 3506 (adquam
1221 3427 1391 3490 taccitl'ictl

201 3499 292 3559 aben.
312 3507 337 3560 1.
355 3505 382 3559 2.
402 3503 428 3558 3.
446 3503 537 3575 Ityck.
557 3521 620 3574 sqq.
655 3503 731 3558 Nero
750 3521 799 3559 eoa
814 3506 945 3574 porticae
963 3505 1021 3560 MS.
1039 3506 1112 3586 Agr.
1131 3506 1173 3560 ed
1194 3505 1270 3578 Spir.
1302 3503 1391 3568 Enete

199 3575 329 3644 porticui
352 3573 428 3627 Nero
456 3574 519 3629 edd.
545 3575 624 3645 Lipc.
652 3573 731 3633 Pich.
758 3577 842 3630 Grut.
868 3579 952 3648 Bere.
979 3579 1070 3632 Gron.
1103 3575 1197 3632 Verba
1221 3581 1391 3647 purgatasque

202 3661 287 3698 oreae
306 3645 427 3698 dominic
445 3645 621 3699 traditurum
639 3645 745 3700 omisca
762 3647 793 3702 in
812 3645 854 3702 ed.
875 3647 951 3720 Spir.
971 3681 1004 3694 -
1041 3647 1142 3717 copiie,
1160 3665 1189 3706 r.
1209 3649 1244 3702 ad
1262 3651 1304 3712 n,
1320 3647 1355 3703 tt.
1371 3642 1390 3693 l·

201 3709 623 3843 ne'tt‘ttfttttt
643 3715 705 3847 “il
724 3717 1008 3846 tillim&
1023 3719 1115 3844 ¹3⁰*
1132 3719 1250 3778 Μ·
1272 3713 1392 3786 ..n-...a-

371 3829 393 3843 ,,
489 3826 496 3840 .
620 3807 703 3844 .v.
763 3809 824 3844 .n
905 3809 962 3848 .v.
1043 3807 1094 3848 err.

272 3863 299 3916 2.
326 3858 435 3914 liaderi
458 3859 621 3926 accipiendo
646 3858 793 3916 Ortieeaee
815 3861 935 3932 paludes
959 3807 1130 3929 declinabat,
1161 3865 1198 3916 ct.
1218 3859 1282 3916 ind.
1300 3855 1347 3912 111.
1366 3869 1390 3903 v·

202 3929 346 3986 Gerundie
364 3935 390 3986 et
408 3931 570 3986 Ger-andire
587 3931 753 3990 inDatioo
772 3963 803 3976 -
842 3934 1017 4000 declinabat,
1039 3935 1147 4006 utique,
1166 3933 1342 4000 edicebatque
1356 3931 1391 3984 ab

200 4017 286 4056 naver
304 4037 336 4048 -
355 4001 507 4072 imperviae
526 4009 582 4056 ert:
607 4003 675 4068 iam,
697 4011 847 4075 praeterea
865 4005 1005 4074 edicebat,
1033 4022 1107 4088 aqna
1126 4006 1200 4076 prio.
1220 4003 1267 4060 lic.
1286 4001 1332 4056 int.
1350 4009 1391 4068 qtt

200 4073 315 4144 largior
331 4072 380 4142 (ut
398 4091 430 4129 eo
450 4075 495 4128 lar
517 4075 576 4143 ius)
596 4101 629 4113 -
647 4075 753 4141 flueret,
772 4085 806 4127 ut
822 4076 953 4130 curtodee
970 4111 1003 4122 -
1017 4093 1132 4148 meaeque
1149 4075 1271 4130 doleret.
1290 4063 1389 4124 ctlnt·

200 4145 258 4200 111.
277 4165 306 4200 v.
324 4145 462 4217 Syltepeia
510 4147 561 4202 .2.
596 4145 691 4214 utique
709 4161 793 4200 nooea
808 4145 893 4214 MSS.
913 4147 994 4202 Flor.
1022 4151 1107 4216 (teste
1126 4149 1181 4202 lac.
1200 4143 1304 4210 Grcn.)
1325 4135 1389 4194 Boii

200 4217 457 4362 arettae·
477 4213 760 4360 etueut
777 4216 896 4346 tte
910 4213 1389 4350 tresenreute-
