2872 4786
177 246 241 313 bll
571 243 596 309 1.
624 241 752 308 lilPSll
778 239 1006 306 extulistis

176 411 302 482 esriptua
323 415 363 464 eat
386 417 499 465 statuae
518 409 591 478 eina,
624 424 706 478 psum
729 405 825 462 eodem
846 413 971 478 tempere
988 407 1137 464 Octauium
1152 425 1268 464 aarum
1284 407 1383 464 luderet

176 492 204 538 et
224 483 420 553 Cleopatram:
438 483 500 536 Hos
518 490 548 535 tu
566 480 653 547 evita,
671 481 818 547 restituar,
838 481 891 534 ts'ba'
909 479 986 534 iube.
1023 481 1155 534 Primum
1174 481 1341 536 offendimus
1357 485 1383 536 in

175 557 311 610 Minerua
333 555 432 618 Musa,
463 555 598 626 quonum
632 550 810 625 naque'Dio
833 553 967 606 nominat
993 553 1024 606 in
1047 552 1104 606 bac
1127 551 1261 619 historia,
1278 557 1383 619 Ἀθηνᾶν

123 643 127 653 “
175 628 284 682 dixisse
302 627 467 691 contentus,
486 643 541 679 nec
559 641 720 701 cognomen
738 631 905 676 nostrarum
923 623 1042 698 dearum
1061 625 1121 684 scio
1140 624 1213 678 alias
1238 623 1382 678 adhaesisse

175 701 332 753 Minervae.
370 698 471 767 itaque
489 697 608 751 inducta
626 714 659 751 ea
677 711 747 750 voce
767 695 873 758 acribo,
895 694 1061 748 Mineruam
1079 711 1173 760 auam‚·
1199 705 1268 750 nata
1285 698 1338 749 iuit
1353 715 1382 750 ex

174 773 295 825 contusa
321 769 498 841 repetitione
522 768 626 823 literae
652 768 792 837 vocisque
819 768 976 837 sequentis.
987 767 1017 836 β)
1053 766 1088 820 ln
1113 784 1225 820 summa
1253 768 1383 837 discrepat

176 841 252 897 idem
269 839 336 906 Dio,
366 841 419 911 qui
444 837 540 894 inuria
556 839 694 908 μυριάδας
723 840 878 908 imperatas
901 855 957 909 pro
981 838 1049 893 dote
1070 839 1123 900 ait,
1149 837 1179 891 id
1207 847 1253 892 est
1270 838 1382 892 Romano

99 915 106 940 ¹
174 916 237 970 ritu
255 911 312 966 HS.
336 911 518 988 quadragies.
564 911 647 964 Mille
673 916 769 963 autem
789 908 897 963 talenta
915 909 1040 965 Senecae
1058 909 1146 981 paulo
1167 909 1267 962 minus
1285 913 1381 964 iaciunt

174 985 325 1040 ducenties
345 983 527 1060 quadragies,
555 992 636 1037 sexto
654 989 737 1035 tanto
756 981 928 1036 immaniore
947 999 1069 1038 summu
1099 981 1210 1036 Temen
1229 997 1287 1034 non
1304 991 1380 1034 muto.

172 1055 313 1118 ‚Graeculi
332 1053 439 1121 iocum,
459 1053 506 1108 cui
526 1055 652 1124 spatium
671 1069 804 1116 vacuum,
823 1051 907 1105 doleo
920 1050 1033 1119 abesses
1052 1060 1082 1106 et
1092 1052 1232 1106 Latinum
1250 1051 1381 1106 commode

173 1129 309 1190 restituo,
328 1125 457 1192 Octavia,
486 1141 533 1178 rea
552 1131 617 1178 tuna
634 1123 689 1177 sits·
707 1121 783 1177 bade.
802 1123 833 1192 y)
871 1123 1042 1194 Quicunque
1061 1121 1125 1190 ille,
1144 1125 1272 1178 comiter
1288 1127 1381 1178 iocatus

172 1207 273 1256 estex
291 1197 413 1251 divortii
431 1195 553 1251 Romani
570 1196 675 1250 forme.
714 1195 807 1262 Quum
827 1195 906 1248 enim
926 1195 1112 1266 Cleopatram
1135 1203 1249 1249 amaret
1266 1195 1382 1250 baberet·

215 1270 401 1336 eAntonius,
427 1285 493 1324 ecoe
512 1267 682 1340 subscripsit
700 1267 755 1320 iste
774 1267 858 1337 quasi
875 1267 994 1320 nomine
1011 1264 1133 1319 Antonii
1145 1265 1293 1320 Octaviam
1309 1285 1382 1336 repn-
1418 1303 1419 1306 ,

195 1344 203 1356 '
242 1341 291 1408 tia,
320 1337 447 1406 Octavia,
480 1355 527 1392 rea
550 1346 614 1392 tuas
639 1337 696 1392 ties·
723 1335 801 1390 labe.
839 1335 915 1403 Quae
940 1337 1083 1392 sollennia
1109 1339 1142 1390 in
1158 1338 1263 1392 libello
1281 1338 1382 1408 repudii

172 1413 260 1468 verba
277 1413 379 1478 tuisse,
410 1413 470 1466 iam
497 1419 609 1464 notum.
644 1409 806 1480 Appuleius
830 1409 942 1466 Met&
967 1417 1035 1480 post
1052 1408 1126 1464 aned
1165 1411 1208 1462 Ta
1226 1411 1335 1480 quidem
1356 1409 1382 1462 ob

171 1483 253 1539 s'ataad
270 1485 326 1549 (ita
337 1483 478 1609 ffim)
496 1489 556 1536 tam
569 1483 661 1538 «tina
677 1481 791 1550 tadeus
804 1481 953 1546 confestim
971 1477 1052 1534 lbere
1070 1497 1131 1536 meo
1156 1481 1270 1536 diuos-ta
1291 1481 1383 1550 tibique

170 1571 221 1612 rea
245 1561 312 1611 tuae
390 1560 442 1612 ato.

243 1645 280 1701 ln
305 1644 429 1700 &name
452 1645 518 1700 loco
545 1651 644 1698 mente
667 1657 748 1696 nnnc
769 1649 799 1696 et
826 1657 915 1696 mauu
940 1642 1105 1714 amplector
1129 1643 1306 1698 sententiam
1330 1642 1383 1696 lani

171 1715 272 1772 Grotii
295 1717 484 1788 reponentis:
518 1715 679 1769 Mineruam
706 1713 859 1774 Morinum.
896 1713 979 1769 Inter
1001 1714 1114 1768 nubiles
1139 1713 1267 1770 Athenis
1290 1723 1382 1768 stamas
1418 1711 1419 1718 ’

169 1789 231 1846 tuis
247 1789 376 1843 taines-va
393 1786 451 1842 bec
469 1794 677 1864 cog-nomentos
710 1785 753 1838 sio
778 1785 867 1850 dieta,
891 1786 1028 1854 quomens
1051 1786 1191 1840 ineam
1215 1787 1248 1840 a'sa
1265 1787 1384 1855 Gergesa

170 1861 234 1916 aitte
251 1861 291 1914 od
307 1860 382 1914 istas
399 1858 527 1914 diburoe
545 1859 651 1913 umisa
670 1863 816 1911 reasaast.
834 1875 865 1911 v.
884 1858 959 1915 Plin.
979 1857 1015 1910 Η.
1034 1857 1071 1911 Ν.
1091 1861 1137 1924 dl,
1156 1861 1186 1916 8.
1205 1857 1269 1925 (te,
1285 1859 1339 1926 lb)

205 1967 237 2038 α)
263 1963 342 2024 Bene
369 1965 505 2022 lacunam
536 1984 551 2021 e
583 1973 642 2020 vet.
675 1961 751 2018 libro
781 1963 943 2036 compleuit
974 1963 1169 2019 covarruuias
1200 1971 1275 2020 teste
1304 1963 1381 2018 Andr.

257 2037 393 2094 schotto:
415 2033 509 2110 Κύριε,
526 2035 544 2092 ὅ
564 2037 634 2100 Ζεύς
650 2031 701 2104 τὴν
717 2035 820 2118 μητέρα
838 2052 890 2090 σου
908 2037 1032 2110 Σεμέλην
1049 2037 1185 2108 ἄπροικον
1202 2029 1270 2106 εἶχε.
1290 2037 1330 2092 Cf.
1346 2033 1381 2090 ed·

202 2181 237 2252 ρ)
259 2108 519 2236 ξῗέιιῖἒὲῃνεὶοεῗω
537 2177 687 2235 Harduino
705 2176 741 2232 ad
759 2177 833 2234 Plin
852 2177 874 2233 l.
894 2179 915 2234 l.
936 2186 966 2231 et
983 2177 1014 2231 P.
1033 2175 1127 2234 Fabro
1145 2177 1226 2238 Sem.
1244 2183 1274 2249 2,
1293 2181 1331 2236 1⁵.
1418 2233 1419 2250 ,

202 2255 234 2325 y)
257 2249 478 2380 {promum
501 2251 545 2305 ita
571 2251 662 2327 legite
694 2250 819 2322 ’osseam
843 2251 889 2306 καὶ
906 2251 1008 2320 Ἀθηνᾶ
1030 2255 1068 2316 τῷ
1085 2252 1231 2321 lictorius,
1258 2253 1312 2308 Iler
1328 2258 1383 2305 tuot

621 2443 690 2504 111.
728 2445 774 2502 od
801 2447 881 2518 cup.
903 2445 942 2503 X.

238 2557 302 2612 Nec
324 2553 386 2610 riri
410 2552 506 2608 selum
532 2553 569 2609 ad
599 2553 795 2610 sacerdotium
818 2554 961 2626 adscripti
984 2556 1086 2632 magni
1115 2554 1205 2611 huius
1236 2545 1308 2622 divi,
1333 2553 1382 2621 sed,

168 2627 246 2756 quod
263 2626 420 2690 rideamus,
437 2627 574 2682 feminas.
609 2627 689 2681 Adeo
712 2627 841 2698 proiecti
864 2627 897 2678 in
919 2625 1115 2681 adulationem
1138 2635 1212 2682 tunc
1235 2646 1338 2684 morsa.
1358 2645 1381 2680 r.

197 2706 255 2754 rut.
295 2703 386 2766 .1ot‚
404 2701 430 2753 3.
450 2705 480 2752 et
497 2715 527 2768 p·
545 2699 610 2762 ³2⁰,
629 2701 671 2754 lo.
708 2699 886 2769 Exemplum
903 2695 991 2752 buius
1011 2699 1056 2753 rei
1073 2715 1090 2752 a
1108 2699 1201 2766 livia,
1226 2719 1299 2773 quiae
1317 2700 1381 2752 miro

167 2718 303 2842 nampio
323 2768 456 2826 sacerdos
475 2771 521 2822 sui
539 2769 599 2822 riri
618 2769 783 2842 etquidem
803 2785 839 2824 ex
863 2768 982 2824 decreto
1012 2777 1137 2826 senatus.
1173 2769 1232 2826 Dio
1250 2773 1320 2828 LVI.
1342 2789 1382 2825 ex·

139 2850 280 2898 ‘hamos
301 2836 371 2896 Τότε
388 2840 420 2894 dl
437 2837 654 2905 diururtoarqss
672 2837 765 2907 adesir,
784 2843 831 2894 ani
848 2842 988 2902 θιασώτας
1015 2842 1045 2894 οἱ
1062 2844 1111 2894 καὶ
1138 2839 1200 2912 lepti
1220 2847 1268 2896 aab
1290 2845 1383 2912 tenum

165 2909 217 2982 arie
234 2911 358 2968 Auster
374 2909 532 2972 eremesa.
570 2911 651 2978 Quod
668 2921 737 2966 noto
758 2929 792 2966 eo
811 2911 961 2978 libentius,
980 2921 1014 2965 ut
1032 2913 1085 2966 lux
1102 2913 1171 2968 inde
1188 2915 1330 2992 affulgeat
1346 2922 1383 2968 te·

166 2985 320 3044 nebn'ooao
338 2983 435 3038 Ovidii
453 2982 519 3037 loeo
537 2983 575 3038 dc
592 2983 681 3039 Ponto
699 2987 727 3048 4,
745 2985 772 3050 9,
792 2986 884 3040 106-
898 2987 959 3040 1⁰8-
985 2984 1035 3037 ubi
1057 2993 1137 3038 mua
1157 2985 1227 3052 pina
1245 2995 1289 3041 est
1306 2985 1383 3040 Tibe·

166 3057 231 3112 riua
249 3065 279 3111 et
296 3057 398 3110 coniux
415 3055 549 3108 scandes
565 3055 659 3111 Liria.
686 3057 758 3108 Puto
777 3055 813 3110 ad
829 3053 902 3108 baec
919 3053 1089 3122 accedetis,
1108 3073 1182 3128 quae
1195 3073 1267 3112 oum
1283 3059 1383 3112 ambitu

168 3136 199 3183 et
225 3123 344 3198 sumptu
370 3127 545 3182 attentabant
569 3127 603 3180 in
632 3126 796 3198 provinciis
819 3127 941 3197 passim,
967 3129 1118 3196 pertinere
1142 3129 1266 3184 Arriani
1294 3129 1382 3184 locum

167 3199 331 3278 elegantem
348 3193 384 3254 de
406 3197 588 3254 munenibus
610 3197 745 3270 Epicteti
766 3201 794 3264 1,
812 3201 856 3254 to.
892 3197 937 3254 Cf.
957 3197 1089 3252 adAnn.
1107 3202 1198 3266 1,1o,
1218 3205 1245 3258 4.

592 3367 653 3428 IV.
690 3367 735 3423 od
758 3369 839 3440 cup.
864 3367 959 3426 XIV.

238 3477 354 3532 Primus
373 3478 492 3534 Praetor
508 3477 616 3534 Romae
634 3477 787 3532 institutus
806 3495 829 3531 a.
849 3477 885 3531 U.
903 3477 965 3533 883.
991 3477 1098 3531 Furius
1118 3476 1269 3536 Camillus.
1287 3480 1381 3535 Liuius

168 3549 290 3617 t‚1.st
318 3547 420 3602 Susidas
446 3550 480 3604 in
503 3565 574 3606 voce
596 3551 738 3620 Πραίτωρ.
774 3547 897 3602 Additus
920 3547 997 3602 alter
1021 3567 1045 3602 a·
1065 3552 1126 3606 51⁰.
1154 3554 1202 3605 cui
1228 3569 1382 3630 cognomen

168 3619 269 3696 datum
287 3619 356 3676 Pere
396 3621 449 3686 ini,
468 3619 544 3690 quod
561 3619 678 3692 plerum
701 3637 738 3675 ue
755 3619 833 3673 inter
851 3621 930 3674 cives
959 3620 1004 3672 ius
1030 3620 1142 3675 diceret
1159 3630 1188 3676 et
1206 3627 1380 3698 peregrinos.

166 3691 248 3764 Epit.
267 3689 332 3757 Isiu.
376 3691 423 3744 lX.
459 3692 560 3746 Additi
587 3690 645 3746 duo
672 3640 725 3746 aiii
747 3708 771 3744 a.
790 3690 825 3744 U.
845 3693 905 3746 tto.
943 3689 1043 3744 Sicilia
1069 3700 1099 3744 et
1117 3691 1254 3750 Sardinia
1273 3696 1303 3748 in
1320 3709 1380 3766 pro·

168 3765 297 3822 vinciam
321 3761 457 3830 redactis,
484 3764 536 3834 qui
563 3763 637 3818 illuc
664 3781 731 3818 cum
758 3761 883 3834 imperio
910 3761 1109 3830 mitterentur.
1139 3765 1204 3817 lsiv.
1231 3763 1377 3838 Epictiti.

167 3836 281 3891 lterum
314 3832 370 3888 duo
401 3835 488 3888 victis
518 3835 666 3908 Hispaniis
692 3853 716 3888 a.
740 3835 801 3890 557.
844 3833 889 3886 lta
914 3833 945 3886 in
972 3833 1142 3889 universum
1164 3835 1201 3889 ad
1226 3837 1257 3890 id
1274 3845 1378 3907 tempus

166 3910 317 3963 Praetores
336 3924 396 3973 aex,
431 3923 448 3962 e
470 3903 574 3976 quibus
592 3907 648 3960 duo
672 3905 733 3960 iuri
751 3904 875 3959 dicundo
894 3913 1062 3976 praeerant,
1087 3905 1198 3978 reliqui
1217 3909 1249 3962 in
1266 3909 1379 3980 provin·

167 3981 227 4036 cias
246 3979 439 4033 mittebantur
452 3987 586 4050 expertes
605 3978 790 4032 iudiciorum.
825 3975 859 4030 ld
877 3979 992 4042 mansit,
1010 3973 1100 4030 donec
1119 3980 1301 4050 quaestiones
1339 3996 1379 4034 er·

166 4059 273 4124 petuas
291 4051 476 4116 constitutae,
495 4069 521 4105 a.
538 4049 573 4104 U.
593 4051 654 4106 6⁰5.
691 4049 722 4102 L.
743 4049 914 4113 Censorino,
938 4049 976 4102 M.
996 4049 1115 4103 Manilio
1136 4051 1214 4105 Coss.
1240 3997 1378 4104 Patribus-

168 4140 224 4196 que
242 4131 314 4178 tuno
329 4121 436 4189 visum,
463 4127 496 4174 ut
518 4121 551 4174 in
568 4129 662 4176 totum
681 4121 868 4198 magistratus
892 4120 938 4174 sui
962 4137 1071 4188 annum
1089 4121 1238 4175 Praetores
1257 4125 1289 4176 in
1307 4121 1378 4175 Urbe

166 4201 330 4260 manerent,
367 4211 383 4248 e
405 4191 507 4262 quibm
531 4193 587 4248 duo
611 4207 692 4246 more
718 4193 815 4264 prisco
839 4193 883 4246 ius
901 4191 1041 4257 (licerent,
1060 4191 1174 4262 reliqui
1192 4201 1314 4264 quatuor
1329 4211 1379 4263 pu·

166 4259 254 4321 blicis
273 4263 388 4321 iudiciis
405 4273 592 4337 praesensum
611 4261 699 4316 iidem
718 4280 826 4330 omnes,
846 4271 946 4318 exacto
964 4279 1049 4329 anno,
1072 4271 1151 4320 sorte
1169 4265 1200 4319 in
1218 4265 1377 4337 provincias

165 4339 326 4408 praetorias
343 4338 541 4393 minorentur.
577 4335 730 4393 camelius
753 4335 857 4391 deinde
878 4333 961 4389 Sulla
977 4335 1111 4392 Dictator
1133 4337 1216 4391 auxit
1240 4338 1376 4408 quaestic-
