2804 4790
210 217 359 283 carus
379 217 469 284 alx.
490 217 564 281 nx.
603 217 656 298 (s.
679 216 719 282 o.
740 202 817 286 soei,
844 219 883 281 a.
900 217 944 284 o.
958 219 1025 300 aa.)
1171 221 1232 289 ros

25 385 139 454 isam
154 391 248 439 sortes
266 383 324 442 llS.
343 384 424 439 Flor.
443 391 518 439 teste
536 384 633 440 Furia.
653 383 846 456 indignusque
863 389 957 439 sortes
974 383 1052 440 tiss.
1071 384 1142 464 lleg·
1161 385 1232 464 Agr.

25 455 60 508 sl.
77 455 152 527 Spir.
171 457 379 528 indignumne
397 463 503 510 sortem
521 455 584 512 edd.
602 455 665 528 Rip.
684 456 784 511 Oberl.
802 457 878 511 labn-
904 455 1096 528 indignusque
1119 460 1234 524 limma·

25 527 94 589 ritas)
112 530 216 582 sordes
233 530 377 595 (reorum,
395 537 429 582 ut
446 533 474 595 t,
492 530 538 584 ⁶2.
557 528 585 592 6,
603 531 629 584 8.
649 528 682 581 0.
701 529 758 592 lt.)
777 527 840 584 edd.
858 527 933 581 Era.
951 529 1026 582 hall.
1045 529 1124 584 Brot.
1140 529 1232 586 Bekk.
1306 549 1308 553 ·

24 599 114 655 biessl
135 598 256 656 Waltls.
275 599 347 657 llitt.
374 617 411 654 ex
427 599 542 654 emend.
561 599 687 652 lleinsii.
713 631 743 644 -
786 599 841 654 uod
857 597 962 653 Patres
980 607 1081 654 contro
1099 601 1234 656 asabitum

25 671 65 730 ld.
73 671 108 724 ad
117 675 145 738 1,
156 675 186 738 7,
195 671 236 730 Θ.)
254 673 438 742 Agrippinae
455 671 609 740 peruicere,
628 673 666 727 ci.
688 617 811 728 111111.
830 669 939 726 Eadem
957 667 1055 726 taimen
1073 673 1234 742 pes-vicisse

23 741 137 807 deletur,
155 751 194 796 ut
210 741 381 814 Tarquitius
399 742 483 796 Proc.
502 743 535 796 in
552 740 724 811 Bithyniam
741 744 919 808 mitteretur,
946 742 981 797 de
999 759 1058 813 quo
1077 763 1104 796 v.
1124 747 1170 810 tt,
1187 745 1232 801 46·
1280 803 1284 812 ,

21 822 43 864 et
56 830 159 869 numos
180 815 212 868 in
229 822 298 868 nota
316 819 343 871 1.
368 821 552 869 memoratos.

451 967 646 1023 cerU‘r
699 969 766 1022 Lx.
862 979 866 989 “

90 1075 221 1138 Eodem
241 1095 329 1140 anno
351 1077 484 1158 saepius
506 1073 623 1140 audita
643 1096 708 1138 vox
722 1077 901 1159 Principis,
920 1096 1028 1158 parem
1049 1080 1109 1142 uim
1132 1097 1234 1142 rernm

20 1159 188 1223 babendum
214 1180 237 1222 u
260 1159 533 1240 procuratoribus
553 1163 623 1222 sois
643 1159 868 1238 iudicatorum,
899 1181 939 1223 oc
958 1163 989 1225 si
1008 1164 1079 1242 ipse
1098 1164 1233 1226 steteris-

19 1253 73 1304 set:
92 1263 133 1306 ae
155 1261 199 1306 no
221 1245 363 1304 fortuito
384 1243 562 1328 prolapsus
576 1241 764 1322 videretur,
786 1250 919 1306 senatus
934 1263 1064 1328 quoque
1078 1247 1234 1310 consulto

18 1335 146 1388 cautum
171 1325 303 1409 plenius
332 1345 428 1410 quam
461 1333 558 1389 antea
585 1335 619 1387 at
638 1325 788 1391 uberius.
832 1326 920 1388 Nam
941 1327 1040 1389 divus
1061 1330 1234 1416 Augustus

19 1409 102 1492 apud
121 1409 316 1490 Equestres,
338 1410 394 1493 qui
416 1409 569 1508 Aegypto
591 1407 834 1492 praesiderent,
858 1408 931 1495 lege
952 1411 1007 1497 agi
1029 1409 1233 1493 decretaque

18 1512 127 1554 eorum
149 1491 294 1576 perinde
314 1492 433 1554 haberi
461 1499 607 1556 iusserat
637 1511 676 1552 ac
703 1494 732 1554 si
753 1493 971 1576 magistratus
992 1493 1133 1556 Romani
1154 1513 1233 1559 con-

17 1579 216 1638 stituissent:
248 1576 428 1638 moralias
450 1594 511 1659 per
532 1575 726 1658 provincias
749 1586 784 1639 et
803 1575 839 1636 in
860 1571 951 1638 Urbe
972 1575 1068 1658 plera
1090 1597 1132 1639 uc
1154 1596 1233 1640 con·
1260 1639 1263 1648 ,

17 1677 100 1722 cessa
127 1669 229 1736 aunt,
266 1678 349 1740 quae
376 1659 458 1720 olim
487 1677 506 1720 a
536 1658 749 1740 praetoribus
782 1658 1016 1720 noscebantur.
1070 1595 1233 1724 blandius

16 1763 107 1807 omne
128 1743 184 1803 ius
205 1739 423 1820 tradidit-de
445 1761 510 1824 quo
524 1743 650 1804 totiens
665 1739 831 1806 seditione
849 1748 909 1800 eut
931 1743 1034 1803 armis
1055 1750 1232 1822 certatum,

16 1846 107 1906 quum
138 1824 348 1909 Semproniis
378 1825 611 1912 rogationibus
644 1831 800 1905 equester
833 1819 918 1884 ordo
955 1825 991 1884 ln
1024 1825 1233 1906 possessione

16 1909 216 1970 iudiciorum
236 1910 417 1987 locaretur,
440 1917 498 1970 aut
518 1927 655 1969 rursum
676 1906 840 1969 Serviliae
854 1905 884 1966 le
909 1925 944 1969 es
959 1911 1090 1968 senatui
1105 1907 1234 1972 iudicia

18 1991 205 2070 redderent,
232 1991 432 2073 Mariusque
454 1998 488 2052 et
510 1987 600 2054 Sulla
622 1991 703 2052 olim
726 1987 766 2050 de
789 2008 828 2050 eo
851 1925 908 2050 vel
928 1991 1108 2074 praecipue
1129 1989 1232 2054 bella-

16 2085 93 2137 rent
149 2072 217 2138 Sed
246 2083 327 2137 tunc
361 2073 518 2136 ordinum
550 2073 684 2136 diversa
717 2069 830 2134 studia
861 2079 912 2148 et,
951 2092 1035 2154 quae
1067 2074 1232 2154 vicerant,
1322 2141 1323 2144 ,

15 2159 142 2239 publice
160 2157 328 2222 valebant.
371 2156 408 2221 C.
431 2160 458 2221 0
485 2158 559 2238 pius
587 2163 622 2218 et
642 2153 821 2218 Cornelius
839 2153 963 2217 Balbus
991 2156 1094 2238 primi
1115 2154 1231 2222 Caesa.

14 2245 57 2302 ris
76 2241 200 2324 opibus
221 2251 364 2324 potuere
386 2261 447 2301 con
473 2242 597 2302 itiones
623 2241 717 2322 pacis
748 2246 783 2300 et
801 2237 944 2300 arbitria
965 2239 1045 2302 belli
1071 2241 1229 2306 tractare.

14 2322 134 2388 blatios
154 2325 294 2409 posthac
315 2331 350 2387 et
369 2322 496 2385 Vedios
518 2331 553 2385 et
573 2331 683 2384 cetera
705 2321 861 2406 Equitum
882 2321 1110 2384 Romanorum
1134 2342 1231 2407 prae-

14 2407 116 2471 ualida
137 2408 274 2470 nomina
296 2409 427 2474 referre
449 2405 536 2467 nihil
557 2405 744 2481 attinuerit,
768 2421 869 2487 quum
892 2403 1051 2466 Claudius
1073 2405 1230 2488 libertos,

16 2513 90 2574 quos
111 2493 165 2554 rei
187 2491 350 2554 familiari
371 2492 590 2573 praefecerat,
617 2488 745 2570 sibique
767 2495 801 2548 et
827 2486 956 2571 legibus
984 2487 1229 2571 adaequaverit.

75 2597 102 2649 1.
124 2608 142 2646 o
157 2591 394 2662 procuratoribus
412 2590 483 2656 sais,
501 2587 532 2640 h.
552 2606 577 2642 e.
596 2587 661 2640 11εοί
679 2594 739 2640 tam
757 2589 790 2640 in
807 2583 886 2639 Urbe
904 2601 992 2656 quam
1017 2588 1049 2639 in
1066 2589 1230 2656 provinciis

14 2663 143 2730 Caesaris,
163 2662 244 2735 quod
259 2670 341 2734 patet
359 2679 394 2716 en
412 2660 510 2715 verbis
528 2659 616 2713 buius
636 2675 697 2728 cap.
719 2657 869 2721 extremis,
893 2673 952 2718 non
977 2657 1136 2728 praefectis
1159 2675 1230 2730 pro·

14 2738 171 2789 rinciarum
191 2733 330 2802 meraris,
349 2732 451 2803 quibus
490 2732 585 2785 ridem
611 2729 777 2783 iurisdictio
801 2737 830 2782 et
857 2727 1018 2798 imperium
1042 2735 1229 2796 eoncessum

16 2805 447 2874 tt'ntrt.cr.sdt,16.bips.
469 2749 547 2856 lixe-
568 2803 606 2856 ll.
631 2801 667 2855 ad
691 2800 766 2855 Anu.
786 2797 851 2854 ΧΠ.
874 2796 950 2852 Duk.
980 2798 1016 2851 acl
1033 2798 1098 2852 Ην.
1117 2802 1163 2864 33,
1181 2801 1228 2856 bb.

15 2911 41 2920 -
58 2874 255 2934 iudicatarum
272 2876 334 2930 edd„
353 2874 446 2929 Rhen.
466 2878 494 2932 2.
511 2879 538 2931 3.
558 2891 621 2944 sqq.
640 2871 835 2926 iudicaturum
853 2869 912 2923 MS.
932 2869 1013 2923 Flor.
1033 2868 1120 2935 (testa
1138 2871 1229 2937 Vict.)

13 2959 37 3000 et
54 2951 96 3004 ed.
114 2949 403 3023 Spin-iudicatorum
421 2945 478 3002 tls.
500 2945 599 3000 Gueli.
619 2943 684 2998 edd.
703 2943 767 2996 Put.
788 2948 813 2998 1.
833 2945 859 2998 2.
879 2941 944 2996 Ber.
963 2939 1055 2994 llhen.
1076 2946 1101 2998 1,
1123 2969 1157 2979 -
1166 2943 1229 3008 for.
1276 2957 1280 2963 ·

14 3021 77 3075 inito
93 3022 248 3091 prolapsus
272 3021 305 3072 in
322 3019 412 3074 talem
435 3017 617 3072 seutentiam.
647 3045 680 3058 -
705 3021 820 3068 senatus
842 3029 964 3084 quoque.-
988 3013 1020 3064 in
1044 3007 1101 3068 ms.
1127 3011 1227 3068 Gueli.

13 3101 180 3164 senumque.
199 3093 245 3147 Gi.
263 3089 300 3144 ad
317 3093 343 3157 2,
362 3092 408 3154 37,
430 3095 453 3145 l.
482 3121 515 3132 -
539 3087 615 3156 opud
638 3092 782 3157 equestres
804 3085 834 3140 h.
856 3102 881 3138 e.
917 3083 1040 3164 Equites
1063 3077 1113 3138 rel
1141 3101 1228 3156 eque-

15 3167 74 3218 uris
91 3165 207 3219 ordinis
225 3160 365 3216 homines.
385 3162 430 3214 lta
449 3163 492 3225 13,
512 3162 553 3215 lo.
576 3167 605 3212 et
622 3159 709 3211 unice
726 3175 773 3227 ap.
793 3155 861 3212 Tac.
888 3163 922 3208 ut
944 3153 1088 3208 metatores
1111 3157 1156 3222 14,
1179 3157 1225 3213 33.

12 3251 58 3303 pro
75 3235 234 3298 militibus,
252 3235 305 3305 qui
324 3236 368 3299 15,
388 3237 432 3288 to.
451 3230 511 3284 oiri
527 3229 670 3284 militares
689 3227 835 3280 dicuntur.
854 3227 963 3296 equites
980 3223 1038 3279 tls.
1053 3225 1123 3302 Agr
1144 3243 1227 3297 equs·

14 3315 88 3374 erres,
112 3307 165 3380 qni
182 3308 315 3374 Aegypto
330 3303 537 3373 praesiderent,
562 3319 591 3357 v.
611 3299 645 3354 ad
663 3303 690 3362 2,
710 3301 745 3356 59
765 3305 839 3354 extr.
858 3306 888 3352 et
906 3299 941 3353 H.
962 3300 987 3362 1,
1008 3300 1052 3352 11.
1074 3299 1226 3366 praende-

14 3389 77 3444 τω,
93 3381 132 3440 ci.
151 3376 216 3431 lnd.
235 3375 288 3429 tlt
307 3394 336 3429 r.
360 3375 451 3430 Verbo
470 3373 593 3428 diversis
611 3371 722 3425 casibus
740 3369 848 3424 inacta.
880 3395 914 3408 ·-
941 3369 1004 3437 tege
1028 3370 1095 3436 agi:
1128 3370 1225 3436 „For-

15 3451 83 3503 mula
98 3452 163 3520 lege
181 3465 270 3518 agere
287 3447 429 3502 latissime
448 3453 562 3515 sumpta
581 3445 712 3496 continet
730 3440 870 3511 quicquid
897 3458 933 3494 ex
957 3437 1022 3515 lege
1046 3439 1123 3510 apud
1139 3457 1225 3512 prae-

15 3527 96 3576 torem
113 3523 150 3575 fit
166 3521 243 3584 iuris
261 3520 306 3572 sui
325 3516 474 3572 obtinendi
492 3533 585 3580 causa,
604 3522 638 3568 ut
655 3512 825 3577 vindicatio,
854 3511 885 3565 in
904 3511 969 3564 iura
994 3511 1097 3575 cessio,
1126 3527 1224 3565 eman·

15 3594 120 3662 eipatio,
153 3588 313 3664 postulatio
337 3587 537 3660 possessionis,
568 3586 698 3650 actionis,
723 3584 830 3637 tutoris
855 3580 1021 3636 interdicti:
1050 3581 1155 3636 deinde
1180 3589 1226 3636 est

17 3667 147 3718 edonem
165 3663 254 3718 alieni
272 3661 425 3714 intendere
444 3677 479 3713 ex
497 3657 563 3733 lege
581 3655 686 3726 aliqua.
710 3653 749 3708 Ei
767 3674 784 3708 a
801 3662 885 3724 parto
901 3652 1046 3723 praetoris
1065 3651 1224 3724 respondet

17 3735 52 3784 les
69 3737 163 3790 disere
179 3734 231 3788 vel
247 3731 377 3786 reddere.
413 3729 470 3784 Ubi
488 3738 585 3784 autem
603 3730 679 3782 actio
697 3725 726 3780 le
749 3727 784 3792 is,
804 3723 846 3778 ibi
864 3724 1027 3778 necessario
1045 3723 1222 3789 iurisdictio,

17 3807 86 3861 ruins
104 3809 163 3861 tria
180 3803 269 3862 rerba
286 3811 353 3857 sunt
371 3803 417 3870 do,
442 3801 517 3866 dico,
550 3799 660 3856 addico.
688 3815 717 3850 v.
757 3798 834 3872 igon
860 3797 895 3850 de
920 3793 1008 3848 indic.
1029 3797 1056 3860 1,
1074 3793 1120 3850 il.“
1147 3793 1221 3848 Era.

18 3877 79 3930 clar.
97 3879 157 3933 Cic.
180 3895 212 3932 v.
230 3873 296 3930 Lea.
334 3875 410 3941 Quas
440 3875 479 3926 sit
503 3871 578 3940 legis
602 3870 688 3934 ectio,
719 3869 803 3923 docet
824 3867 962 3937 Pompon.
987 3864 1023 3918 ds
1047 3865 1123 3941 orig.
1146 3864 1223 3918 iuria

19 3943 36 3999 l·
51 3953 85 4012 b,
102 3952 214 4005 Ferret.
234 3974 267 3985 -
282 3946 403 4016 perinde
419 3943 478 3998 MS.
497 3942 593 3996 Gueli.
614 3941 676 3996 edd.
695 3937 767 3994 Ern.
787 3956 850 4010 sqq.
866 3936 990 4006 proinde
1007 3933 1071 3992 edd.
1091 3943 1151 3992 vet.
1177 3933 1223 3989 Gi.

19 4019 71 4072 lral
86 4023 125 4074 ll.
156 4049 191 4060 -
214 4035 267 4089 per
281 4015 447 4087 prminoias
465 4021 492 4068 et
510 4015 542 4068 ia
563 4013 637 4068 Urbe
652 4013 786 4082 pleraque
804 4023 936 4064 concesso
954 4012 1019 4060 sons
1045 4023 1084 4064 sc.
1104 4004 1224 4078 Equiti·
1331 4003 1336 4056 ἶ

19 4088 71 4156 bns,
94 4109 151 4147 non
171 4088 427 4164 procuratoribus:
458 4104 525 4141 nam
552 4085 588 4140 de
610 4083 657 4138 hia
681 4083 802 4153 propris
826 4080 955 4136 nondum
974 4075 1122 4162 loquitur5
1150 4075 1221 4160 bre.
1277 4120 1282 4129 .

17 4161 183 4232 ηΕφιίῑίὺω
201 4161 281 4216 Rom.
301 4162 332 4214 in·
350 4159 429 4214 Urbe
454 4160 499 4212 ius
516 4157 574 4211 late
602 4155 710 4220 datum,
735 4154 891 4225 praecipue
918 4151 1074 4220 praefectis
1093 4147 1167 4201 Urbs
1193 4153 1223 4200 et

19 4237 161 4302 sumtis,
179 4235 232 4304 qui
250 4249 285 4287 ex
303 4231 406 4288 ordine
425 4229 553 4301 equestri
570 4226 606 4281 ad
623 4235 757 4296 tempora
773 4220 953 4296 Vespasiani.
993 4218 1048 4273 Sed
1067 4225 1096 4294 et
1113 4231 1222 4289 procu·
1279 4283 1282 4290 Δ
1335 4239 1336 4244 1

19 4306 147 4362 ntorbu
165 4305 296 4362 Caesaris
313 4305 346 4357 in
364 4302 442 4357 Urbe
459 4299 577 4373 aliquod
602 4298 648 4352 ius
675 4303 758 4352 extra
781 4312 828 4350 res
855 4291 985 4430 finali-lp.
1004 4287 1123 4360 Ulpian.
1150 4285 1220 4346 19.
