2854 4788
312 127 337 190 ,⁴

209 229 279 310 ’411
591 239 835 310 ANNALIUM
863 241 949 308 unt.
969 239 1046 310 XV.

217 407 289 472 rari
311 406 500 494 nequibunt.
543 409 647 474 Fuere
669 411 728 494 qui
747 418 960 490 annotarent,
986 407 1080 474 XIV.
1102 407 1259 474 Kalendas
1279 407 1395 476 Sextiles

215 493 419 592 principium
440 492 586 557 incendii
606 493 705 558 huius
727 504 850 573 ortum,
871 503 983 578 etquo
996 493 1141 556 Senones
1163 503 1284 576 captam
1294 493 1405 557 Urbem¹

216 575 521 660 inflammaverint..
551 576 619 640 Alii
640 595 679 638 eo
699 597 804 660 usque
825 595 907 640 oure
929 579 1098 661 progressi
1118 586 1207 655 sunt,
1225 587 1263 640 ut
1281 577 1396 640 totidem

216 677 320 720 annos
341 679 533 743 mensesque
564 668 599 721 et
618 657 689 724 dies
709 663 801 724 inter
821 669 963 743 utreque
982 657 1138 722 incendis
1157 669 1331 725 numerent.

288 763 312 816 1.
333 759 469 816 Dornuum
487 766 514 814 et
532 759 702 828 insularum
720 778 749 818 v.
768 761 803 814 ad
820 765 848 827 6,
865 762 910 822 ts,
929 764 954 816 1.
974 765 1004 813 et
1022 759 1057 813 ad
1076 777 1138 814 rem
1157 762 1195 814 oi.
1212 758 1286 814 Suet.
1294 761 1355 814 Ner.
1362 763 1405 817 tt:

216 861 250 874 -
270 827 343 884 baud
357 839 513 900 promptum
529 833 626 898 fuerit,
644 850 673 886 ν.
693 831 729 886 ad
746 834 773 898 4,
792 833 819 897 5,
837 835 863 888 3.
891 839 920 886 et
938 830 1029 884 Index
1046 831 1098 885 111.
1125 849 1157 886 v.
1182 830 1326 887 Vestem
1345 839 1405 886 tm»

214 917 285 972 pora
304 901 339 954 N.
358 902 413 960 111.
433 921 461 974 p.
482 906 544 960 847.
565 931 598 942 ·-
617 905 668 958 sed
684 903 793 974 templa
811 902 1001 957 vetustissimo
1018 903 1157 969 religiose
1185 934 1217 946 -
1235 912 1394 960 exsisterent.

217 973 262 1027 Gt.
282 973 316 1026 ad
333 976 361 1039 3,
380 977 424 1032 63.
442 977 469 1031 l.
490 1003 523 1013 -
542 975 614 1046 quod
631 975 747 1029 Seruius
768 975 877 1028 Tullius
894 974 990 1027 bunne
1008 981 1216 1028 -aacrooerat
1233 976 1263 1028 in
1279 973 1405 1028 Aventino

216 1052 315 1098 monte
334 1053 363 1098 et
380 1043 435 1124 ψ
453 1063 485 1099 re
507 1047 576 1101 ione*
591 1043 678 1100 Urbis
695 1065 725 1100 r.
744 1047 809 1101 Lis.
828 1051 873 1110 46,
891 1049 918 1102 2.
938 1045 1020 1102 Ouid.
1039 1045 1118 1099 Fast.
1145 1049 1172 1112 3,
1191 1048 1252 1104 884.
1274 1043 1300 1103 S.
1320 1045 1405 1100 burel„

87 1147 102 1158 -
216 1116 295 1192 Vict.¹
311 1115 347 1169 de
366 1117 439 1170 viris
464 1065 509 1175 ill.
534 1135 560 1172 c.
585 1120 629 1173 66.
648 1119 762 1176 Vitruv.
782 1119 809 1183 6,
829 1135 851 1172 a·
880 1116 1011 1170 Marlian.
1030 1116 1117 1170 Urbis
1135 1117 1241 1172 Romae
1265 1127 1293 1171 to
1326 1135 1362 1193 gr.
1376 1121 1405 1179 4,

216 1189 244 1250 4,
263 1189 290 1244 b.
326 1187 392 1243 Alia
416 1189 513 1242 Lunae
536 1188 645 1260 templa
666 1192 751 1244 suere
777 1189 809 1242 in
833 1187 921 1242 Urbis
946 1203 979 1242 re
1002 1224 1009 1239 .
1029 1187 1076 1242 lv,
1095 1189 1129 1240 V.
1148 1195 1179 1244 et
1196 1188 1228 1240 X.
1251 1207 1277 1245 v.
1294 1135 1395 1258 Nisupbr.

215 1259 335 1312 Panvin.
354 1276 399 1331 sp.
418 1257 517 1316 Rosin.
536 1261 603 1314 Ant.
621 1261 702 1316 Rom.
724 1263 811 1329 1,13.
839 1257 962 1312 Luciam
1006 1257 1035 1313 8.
1052 1258 1123 1336 Agr.
1144 1275 1290 1328 —mugau
1306 1261 1396 1324 arai·

214 1333 592 1458 t“tt“v‘;.tt“i.⁹t⁰t‘”‘⁶
608 1331 1242 1472 i‘tt‘tti‘ttitttts.'ttttt“tt.
1265 1333 1395 1470 'liiii

215 1477 305 1526 sacer
317 1479 346 1526 et
364 1473 420 1528 diis
440 1476 537 1541 effatus
556 1422 583 1532 sl.)
597 1477 681 1543 fondo
700 1421 911 1540 consecratump
927 1471 1010 1538 (nam
1027 1474 1181 1544 pontifices
1201 1482 1230 1529 et
1245 1421 1352 1551 afferres
1365 1469 1405 1523 ta·³

215 1543 276 1598 lem
294 1543 392 1598 locum
411 1555 555 1601 sacrantes
575 1546 662 1600 verba
680 1546 822 1600 sollennia
839 1549 937 1613 fantur
955 1545 1015 1599 sive
1034 1547 1175 1614 efferatum
1201 1562 1229 1599 v.
1248 1546 1305 1602 bis.
1323 1545 1395 1606 lust

215 1623 291 1669 extr.
320 1623 351 1670 et
377 1617 493 1678 Festus)
520 1617 625 1672 deinde
669 1634 738 1671 srva
762 1616 845 1671 aedes
870 1617 923 1671 deo
941 1616 1031 1669 alicui
1048 1635 1139 1678 sacra,
1166 1625 1202 1670 ut
1218 1619 1340 1670 sorellum
1363 1613 1405 1668 Gi

214 1685 280 1738 Liv.
307 1689 388 1752 666
410 1705 456 1760 pr.
476 1688 536 1744 cie.
563 1705 619 1760 pro
642 1636 726 1742 domo
752 1705 776 1744 c.
796 1689 926 1744 46-64.
952 1685 1041 1740 Ottfr.
1064 1688 1188 1743 Miiller:
1217 1687 1262 1744 die
1283 1684 1405 1748 Etmsler,

214 1755 250 1808 Τ.
269 1757 308 1813 11.
327 1775 357 1828 p.
380 1763 437 1815 138.
457 1793 490 1806 -
509 1759 593 1814 aedes
611 1759 738 1814 Statoris
756 1759 843 1825 louis,
863 1760 906 1812 sic
924 1757 996 1812 dieti
1015 1760 1177 1814 aristeneto
1195 1763 1298 1850 fugire,
1314 1763 1395 1822 στῆναι,

213 1829 313 1892 στῆσαι
330 1826 380 1896 τὴν
397 1826 527 1902 στρατιὰν
549 1833 696 1902 φυγοῦσαν
712 1827 762 1886 vel
780 1849 796 1884 a
813 1830 913 1884 stando
932 1829 981 1883 vel
998 1831 1153 1895 statuendo,
1182 1837 1251 1892 Ζευς
1272 1823 1395 1901 'uestem

213 1899 338 1964 Στήοιος,
356 1899 478 1968 Xoites,
496 1909 530 1954 ut
549 1903 657 1970 Iupiter
674 1901 816 1968 senator,
836 1903 1030 1954 Conseruntur.
1057 1899 1102 1957 Gi.
1122 1902 1188 1958 Lis.
1210 1905 1291 1968 1,11.
1311 1905 1345 1963 lt,
1365 1900 1405 1953 st.

214 1965 338 2040 Dionys.
358 1970 423 2027 Hal.
441 1975 470 2037 1,
488 1976 532 2029 66.
553 1973 628 2025 Plut.
647 1971 729 2026 Rom.
758 1989 783 2024 c.
804 1975 846 2029 18.
867 1971 942 2025 Plut.
962 1969 1024 2029 cic.
1049 1988 1077 2040 p.
1098 1975 1163 2028 868.
1188 1971 1224 2024 Β.
1243 1971 1298 2025 (lic.
1315 1969 1363 2022 Gat-
1378 1969 1405 2028 lt

214 2040 257 2095 ts.
278 2037 346 2093 Sen.
365 2041 400 2094 de
418 2041 481 2096 ben.
501 2047 529 2107 4,
548 2046 574 2100 7.
594 2043 625 2094 in
660 2041 784 2112 p.ve11.
804 2045 833 2109 2,
852 2047 903 2098 131
920 2057 967 2111 pr.
978 2040 1069 2096 Gron.
1083 2043 1200 2108 obesa
1211 2045 1253 2098 14.
1266 2035 1405 2112 Schweigb]

214 2109 250 2164 ad
267 2109 388 2180 Appian.
409 2113 441 2165 Β.
462 2113 539 2179 (1.1,
559 2119 601 2168 ll·
654 2112 794 2182 emplum,
819 2114 901 2166 cuius
918 2119 978 2165 tres
997 2111 1151 2166 columnae
1171 2114 1257 2168 etiam
1280 2125 1346 2164 nnnc
1365 2123 1405 2174 stt-3

131 2227 134 2232 .
236 2189 346 2246 ersunt,
364 2181 443 2235 aliud
461 2184 521 2236 fuit
544 2183 691 2237 conditum
732 2200 748 2236 e
774 2184 890 2238 demum
908 2198 933 2238 a.
952 2181 988 2237 U.
1008 2185 1070 2240 468.
1089 2181 1170 2236 baud
1192 2182 1294 2256 procul
1315 2178 1405 2240 aton}

213 2197 297 2306 Nom.
325 2251 360 2304 ad
383 2251 506 2306 Palatini
531 2257 639 2308 montis
665 2269 697 2306 ra
718 2255 793 2307 icem
819 2263 850 2308 et
874 2254 905 2306 in
923 2255 949 2306 X
973 2271 1037 2330 reg.
1061 2253 1159 2307 Urbis.
1188 2273 1216 2309 v.
1239 2257 1299 2310 Lis.
1317 2255 1352 2314 16,
1366 2249 1405 2316 lb,

214 2320 295 2375 Ouid.
314 2323 391 2376 Past.
410 2327 438 2391 6,
458 2327 518 2382 783.
542 2322 666 2380 Nardini
683 2323 773 2378 Roma
791 2331 849 2381 ant.
870 2326 897 2390 6,
917 2329 961 2382 14.
989 2327 1027 2379 Be
1052 2327 1094 2379 eri
1112 2323 1202 2382 Thes.
1221 2321 1317 2379 Brand.
1333 2321 1361 2373 Τ.
1369 2315 1405 2384 lbi

213 2409 243 2464 p·
262 2397 324 2451 663.
344 2397 405 2452 766.
433 2423 465 2434 -
489 2403 553 2449 uota
580 2395 739 2462 silomula,
763 2413 793 2452 v.
822 2395 858 2450 ad
876 2398 912 2453 G.
932 2401 958 2452 3.
978 2343 1054 2452 αἱ
1080 2404 1109 2450 et
1133 2397 1171 2451 de
1189 2398 1252 2468 ipsa
1269 2413 1299 2449 re
1315 2393 1365 2445 biv.
1380 2393 1405 2472 bg

215 2467 259 2522 lt.
280 2497 312 2509 -
331 2465 436 2520 Numae
452 2469 545 2534 regia,
570 2467 606 2520 ad
623 2469 750 2521 radicem
768 2469 877 2521 montis
902 2468 1024 2523 Palatini
1043 2476 1082 2522 et
1106 2485 1202 2538 prope
1219 2466 1345 2537 templum
1359 2461 1405 2538 let

216 2543 285 2592 alae·
314 2537 359 2592 ct.
379 2538 461 2596 Oeid.
481 2537 570 2596 Trist.
589 2541 617 2604 3,
637 2545 663 2606 1,
681 2543 726 2596 30.
745 2540 821 2595 Fast.
841 2540 868 2605 6,
887 2543 948 2596 263.
969 2537 1045 2596 Plut.
1066 2539 1097 2591 in
1115 2539 1215 2593 Numa
1236 2556 1264 2610 p.
1281 2540 1319 2594 63.
1336 2534 1361 2586 Β·
1375 2529 1405 2602 cd

215 2603 341 2677 ἐδείματο
366 2612 484 2678 πλησίον
508 2616 559 2667 τοῦ
583 2613 628 2680 τῆς
650 2611 755 2674 Ἑστίας
783 2610 858 2680 ἱεροῦ
882 2615 931 2677 τὴν
956 2610 1127 2680 καλουμένην
1144 2609 1294 2680 Ῥηγίαν,
1315 2601 1364 2659 οἷόν
1380 2617 1405 2670 n}

213 2683 353 2750 βασίλειον
370 2685 480 2750 οἴκημα,
498 2685 544 2736 καὶ
562 2683 593 2736 τὸ
611 2683 740 2737 πλεῖστον
758 2679 854 2735 αὐτόθι
880 2689 930 2736 τοῦ
947 2685 1053 2752 χρόνον
1077 2682 1213 2752 διέτριβεν
1241 2677 1370 2748 lequuntur
1386 2671 1405 2748 l]

214 2753 357 2806 dedicetur
367 2755 429 2816 τοὺς
449 2754 525 2826 ἱερεῖς
542 2757 562 2824 ἤ
577 2756 646 2824 πρὸς
663 2756 758 2822 εὐνοίᾳ
774 2757 826 2816 τιυὶ
842 2759 899 2806 τῶν
916 2758 1001 2808 θείων
1018 2755 1089 2820 πρὸς
1104 2749 1205 2813 αὐτοὺς
1219 2769 1238 2804 σ
1273 2753 1355 2814 litor.
1370 2741 1405 2822 oid

214 2829 277 2880 νίαν
289 2823 570 2897 &significassent
587 2827 638 2878 τὸν
655 2829 774 2895 Κυρίνου
792 2826 890 2896 λόφον,
909 2819 941 2892 ἧς
958 2827 996 2880 ἔτι
1015 2827 1067 2880 νῦν
1079 2819 1128 2876 τὸν
1139 2771 1398 2900 τόνονἳνὶτιδεοενίου·Ι

214 2915 271 2952 σιν.
298 2927 329 2938 -
355 2897 495 2951 delubrum
520 2897 621 2954 Vestae
637 2896 858 2965 competentibus
880 2899 976 2967 populi
992 2896 1125 2950 Romanis
1151 2904 1272 2967 „potest
1296 2885 1405 2970 intelligit

214 2969 250 3026 de
268 2966 324 3020 diis
342 2969 455 3038 patriis,
475 2983 599 3039 quorum
617 2969 773 3021 simulacra
790 2965 879 3021 Troia
896 2967 930 3020 ab
948 2969 1043 3023 Aenea
1062 2969 1094 3020 in
1111 2966 1231 3020 ltaliam
1248 2965 1327 3021 allate
1341 2967 1364 3043 et
1377 2963 1405 3038 111}

215 3040 284 3094 aeds
301 3039 403 3094 Vestae
422 3039 533 3094 servsri
551 3040 758 3093 credebantur:
784 3047 869 3109 atque
896 3040 984 3093 etiam
1012 3047 1056 3093 est
1073 3056 1181 3092 numus
1204 3037 1279 3108 apud
1295 3035 1405 3110 bips¹¹¹¹3¹i

215 3111 251 3165 de
268 3111 353 3164 Vesta
372 3127 396 3164 o.
415 3114 440 3166 8.
461 3113 492 3165 in
510 3127 567 3182 quo
593 3111 746 3181 inscriptio
767 3111 853 3164 Veste
876 3119 992 3178 penates
1010 3109 1040 3165 P.
1059 3111 1094 3162 tt.
1121 3111 1181 3164 nisi
1208 3108 1291 3162 malis
1313 3099 1405 3156 intell-¹

215 3197 286 3258 gers
304 3181 401 3236 aedem
421 3182 541 3237 deorum
559 3183 720 3250 Penatium,
740 3191 828 3250 quant
844 3197 910 3234 cum
928 3200 961 3236 re
983 3183 1009 3234 ia
1028 3181 1137 3234 Numae
1156 3189 1188 3234 et
1205 3179 1310 3249 templo
1323 3171 1405 3234 Vestsei

215 3253 368 3328 coniungit
386 3261 415 3306 at
434 3255 465 3307 in
484 3255 602 3332 regione
620 3253 708 3308 Urbis
725 3251 796 3306 vul
813 3253 898 3322 ponit
917 3251 944 3306 8.
962 3201 1086 3308 Nuiusf‘
1130 3251 1202 3305 liro.
1231 3251 1338 3305 Festus:
1359 3243 1405 3312 lio-l

123 3378 125 3382 .
216 3324 328 3379 tundam
346 3325 440 3378 aedem
461 3327 560 3380 Vestae
577 3325 668 3378 Numa
684 3339 862 3380 consecrasse
880 3323 998 3392 uidetur,
1018 3322 1090 3396 quod
1107 3325 1223 3377 eandem
1239 3337 1296 3375 esse
1310 3319 1405 3388 imm]

216 3411 271 3466 qua
288 3396 348 3448 etta
362 3393 500 3451 lominum
519 3403 729 3462 sustentaretur,
759 3395 924 3463 crediderit,
952 3413 1064 3466 emaque
1081 3397 1111 3449 in
1126 3397 1204 3464 pilae
1221 3396 1335 3462 (omnm
1348 3395 1405 3464 esso}

214 3473 247 3520 ut
270 3467 316 3520 sui
341 3467 433 3520 simili
458 3471 554 3537 templo
579 3469 633 3520 dea
655 3469 803 3521 coleretur.
848 3465 891 3519 Cf.
918 3467 952 3522 ds
967 3469 1116 3537 penatibus
1133 3468 1170 3521 ad
1187 3467 1279 3532 2,·16,
1295 3466 1318 3518 l·
1337 3455 1405 3522 ,ste

215 3537 326 3608 templo
344 3537 446 3592 Vestae
466 3539 540 3592 Plut.
559 3537 641 3591 Rom.
667 3554 691 3590 c.
713 3543 755 3594 11.
801 3535 883 3592 Ονίἀ.
907 3537 998 3594 Trist.
1017 3543 1044 3604 3,
1065 3544 1091 3604 1,
1109 3541 1144 3596 ut
1163 3555 1227 3609 sqq.
1256 3543 1284 3590 et
1300 3534 1365 3587 Psst.
1379 3530 1405 3606 b}

213 3611 382 3666 259-300.
419 3607 539 3682 Dionys.
558 3609 623 3662 Hal.
642 3613 669 3675 1,
689 3611 715 3676 ⁷,
734 3611 777 3665 67.
796 3611 840 3666 68.
867 3609 946 3680 Lips.
973 3610 1009 3664 de
1026 3612 1113 3664 Vesta
1138 3627 1162 3664 c.
1181 3613 1208 3666 9.
1248 3602 1360 3662 Oudend.
1374 3597 1405 3692 adq

214 3677 292 3733 Suet.
312 3679 373 3733 Oct.
395 3696 419 3734 c.
439 3681 483 3737 76.
519 3707 553 3723 ·-
576 3682 636 3735 iam
662 3695 725 3748 opes
749 3687 791 3734 tot
817 3681 946 3734 uictoriis
964 3683 1104 3752 quaesitae
1123 3709 1156 3721 ·-
1176 3681 1330 3746 incorrupta
1351 3669 1405 3725 scd-1

214 3753 322 3804 omissa
339 3759 402 3804 sunt
422 3758 452 3804 et
470 3758 577 3807 esurio.
614 3752 733 3828 „Vulgo
752 3751 849 3806 locum
866 3751 945 3806 bunc
963 3753 1150 3828 distinguunt
1166 3751 1224 3805 ita:
1242 3749 1338 3804 exuste.
1353 3744 1405 3810 ism,

213 3838 280 3891 opes
299 3853 331 3866 -·-
350 3823 522 3890 incorrupta,
542 3824 666 3895 ουουιυὲο
684 3831 738 3876 cet.
764 3825 870 3878 Miror:
900 3841 968 3877 nam
992 3824 1113 3878 idoneus
1138 3840 1232 3878 nnus
1255 3821 1337 3884 deest,
1357 3815 1405 3898 ‘1⁰⁰1

214 3895 303 3948 verba
320 3896 420 3964 prlors
437 3895 494 3948 tam
511 3926 545 3938 -—
563 3895 726 3962 incorrupta
744 3911 808 3948 cum
828 3913 906 3966 seqq.
926 3897 1148 3972 coniungantur.
1184 3890 1338 3948 Particulse
1357 3899 1405 3962 tum}

214 3971 245 4021 et
269 3966 336 4021 enin
360 3967 527 4021 inserviunt
551 3965 718 4022 ordinandis
749 3967 957 4036 nectendisque
985 3967 1133 4022 membris.
1167 3963 1217 4018 Sic
1238 3965 1295 4018 iam
1325 3978 1346 4015 c.
1367 3957 1405 4038 lli

198 4037 278 4092 ἐνέν
295 4039 323 4104 ²,
343 4037 462 4104 16101.
484 4035 520 4092 ad
538 4042 582 4103 14,
601 4041 645 4104 13,
663 4037 703 4104 3.]
740 4037 812 4092 Inde
835 4056 852 4090 a
873 4053 940 4092 voc.
966 4039 1092 4110 quamuis
1114 4053 1189 4091 nova
1212 4033 1314 4104 incipit
1330 4041 1405 4110 serres,

213 4109 371 4164 verborum
390 4116 420 4164 et
437 4109 561 4180 ςυυυνυίο
579 4125 637 4162 non
654 4107 783 4180 pertinet
801 4106 836 4162 ad
852 4109 1040 4176 messuerint,
1065 4110 1116 4166 sed
1141 4101 1333 4182 coniungenda
1349 4101 1405 4168 sunt}

214 4179 341 4248 quemvis
357 4179 388 4234 in
406 4184 427 4235 t.
446 4197 473 4234 r.
491 4197 519 4235 υ.
543 4177 783 4248 pulchritudine.“
812 4177 918 4233 Watet.
954 4179 1060 4236 Recte:
1093 4197 1186 4252 neque
1212 4174 1349 4249 probanda
1368 4169 1405 4258 ‘fii

213 4251 382 4308 coniectura
400 4250 474 4308 batt.
494 4259 524 4307 et
538 4249 612 4308 Ern.
631 4251 683 4321 qui
700 4249 856 4327 corrigunt
873 4252 1029 4324 quaesitos,
1044 4249 1284 4326 velssiesslingii,
1302 4241 1347 4314 qui
1362 4251 1405 4324 'Qu

214 4321 316 4378 cubula
333 4322 457 4393 quamvis
474 4329 505 4380 et
524 4337 594 4393 quau
612 4322 655 4377 aio
672 4321 884 4393 transponenda
901 4331 1001 4394 putat:
1027 4339 1098 4396 quae
1115 4321 1151 4378 ‘in
1168 4325 1246 4378 tanta
1269 4333 1321 4372 res.
1336 4309 1405 4404 ,req
