2814 4792
222 251 364 317 carru
384 249 461 317 xv,
484 251 576 318 xm.
600 249 654 334 (a.
678 251 800 322 oeus
823 253 862 322 s.
885 253 922 322 c.
939 203 1005 336 ιιι.)1
1170 259 1234 346 arr

86 422 113 477 2
142 415 235 473 anaia
259 424 286 476 et
313 418 477 489 corporitoe
494 417 639 474 caesorum
663 409 848 491 aggregatis:
883 419 1040 500 legendum
1057 423 1230 498 'aggeratim
1260 431 1265 450 ¹
1325 471 1330 480 ,

25 491 114 547 liciae.
152 488 203 545 Sic
222 496 249 557 1,
268 494 311 548 19.
330 494 375 548 61.
396 495 440 550 63.
459 495 487 558 d,
509 496 548 548 19.
588 492 623 545 ld
645 495 759 564 recepit
781 491 896 551 walth.
918 521 952 534 -
987 497 1077 552 Fama
1102 501 1232 556 modero-

26 565 105 617 tionie
122 561 181 620 MS.
202 561 300 616 Gueli.
319 561 351 630 (a
367 579 408 615 m.
426 563 486 634 pr.)
506 563 568 618 edd.
588 565 695 625 Puni.
715 567 741 622 2.
763 564 829 620 Ber.
854 565 904 630 (ad
927 585 1013 637 qulam
1037 571 1122 624 siluit
1143 573 1232 639 Vict.)

25 635 105 690 Rhea.
128 640 153 692 l.
173 637 200 690 2.
219 635 246 690 3.
266 651 327 705 sqq.
348 651 413 688 nom
430 637 507 701 famo
524 637 597 690 mod.
617 633 695 690 MSS.
715 637 755 690 Re
778 674 785 689 .
805 637 889 693 corb.
910 636 1007 695 Guelf.
1033 659 1107 695 am.
1127 661 1183 696 see.
1202 651 1232 698 et

26 707 61 760 sd
79 705 159 777 Spin.
181 736 213 747 -
249 705 363 759 Ftomen
379 707 535 761 Arsaniam
559 706 621 761 edd.
641 707 719 779 Spin.
745 656 824 762 ilci.
844 725 906 779 sqq.
943 712 1040 774 flumen
1057 713 1233 774 Areometem

26 779 78 835 edd
97 779 162 830 rut
182 781 207 832 1.
225 780 252 832 2.
270 777 335 831 Ber.
356 780 402 838 (ad
420 797 506 848 quam
526 780 619 832 tacuit
635 780 723 846 vict.)
740 779 833 835 Rhen.
854 785 877 836 1.
897 783 922 837 2.
942 785 968 838 3-
994 801 1056 854 sqq.
1080 801 1172 854 usqua
1195 785 1231 839 ad

26 849 90 902 rich.
109 849 225 913 flamine
242 849 391 902 Areamete
409 849 468 920 MS
488 850 587 907 Guelt'.
607 851 652 905 Gt·
671 861 740 906 nota
759 859 784 908 1.
804 883 837 894 -
865 850 1011 920 elephanto
1029 854 1156 910 insideri
1174 865 1230 909 oet.

26 929 52 972 ut
67 939 108 991 ap.
130 919 242 990 xiphil.
262 922 308 986 62,
324 923 369 978 21.
389 919 539 992 sitiente
563 917 597 989 (o‘
615 926 758 992 βασιλεύς)
783 921 825 976 ἔπ’
851 919 1002 994 ἐλέφαντος,
1034 927 1064 978 or‘
1085 923 1129 979 di*
1144 929 1231 994 tuor,
1255 943 1258 952 ¹

25 993 105 1062 irrep
121 991 330 1063 καὶπρότερον,
348 993 401 1054 (ut
418 1001 512 1060 antea,
531 1012 569 1048 so·
589 996 638 1049 vel
655 1002 745 1066 ponte
761 995 809 1050 vel
833 997 916 1065 equis
934 995 983 1050 vel
1001 997 1151 1079 natando),
1167 1001 1230 1052 aire·

25 1059 153 1132 χώρησαν.
189 1063 221 1117 in
248 1061 393 1132 elephanto
419 1063 496 1118 MSS.
522 1065 593 1118 Bud.
615 1067 713 1122 Guelf.
734 1067 815 1120 Harl.
843 1065 926 1119 Bodl.
944 1067 997 1123 les.
1018 1099 1050 1111 -
1085 1071 1232 1136 monimus

24 1137 127 1206 quoque
145 1150 240 1202 regem
258 1133 336 1190 MSS.
355 1135 435 1192 Flos.
454 1135 544 1203 (teste
563 1137 655 1202 Pich.)
672 1139 742 1214 neg.
769 1138 854 1195 Gorb.
873 1138 956 1192 Harl.
975 1137 1058 1196 Bodl.
1083 1140 1229 1198 lesaliud.
1303 1172 1308 1182 ·

25 1208 110 1260 Guelf.
130 1206 203 1281 Agr.
224 1206 290 1260 edd.
301 1206 385 1278 Spir-
404 1207 459 1260 lac.
479 1209 568 1263 Gran.
588 1209 660 1266 Ern.
681 1229 693 1262 a
716 1229 742 1280 q.
778 1209 926 1278 proximae
944 1211 1142 1281 quisque-regi
1164 1211 1228 1266 edd.

24 1278 76 1334 Pur.
96 1283 120 1333 l.
142 1281 168 1334 2
186 1278 251 1331 Ber.
277 1279 435 1350 (adquam
460 1280 544 1333 siluit
560 1282 659 1350 Vict.)
729 1299 772 1335 en.
795 1285 818 1335 l·
837 1285 863 1338 2.
882 1285 908 1338 3.
928 1290 958 1334 et
975 1291 1030 1336 cet.
1070 1281 1229 1350 Proximus,

22 1350 151 1418 proxime,
175 1349 304 1418 propior,
326 1367 427 1418 prope,
448 1353 567 1422 propius
592 1353 642 1406 vel
659 1354 750 1407 tertio
768 1352 818 1406 vel
835 1361 938 1422 quarto
957 1354 1037 1406 casui
1054 1354 1228 1431 iunguntur.

25 1423 62 1476 Cf.
78 1422 179 1478 Burin.
203 1421 239 1475 ad
263 1421 384 1488 Quintil.
410 1425 438 1488 8,
458 1421 491 1478 t:
516 1424 609 1477 Gron.
628 1425 703 1478 obss·
727 1428 754 1488 3,
772 1427 799 1480 2.
828 1431 858 1478 et
875 1425 910 1478 ad
928 1423 993 1477 niv.
1011 1428 1037 1490 8,
1053 1427 1100 1481 22.
1120 1428 1164 1490 21,
1183 1428 1234 1482 22.

23 1497 60 1548 to.
95 1493 172 1545 Ante
187 1495 333 1561 prosimus
350 1495 453 1563 copula
471 1501 498 1548 et
515 1495 611 1549 addita
629 1497 661 1550 in
678 1495 829 1566 plerisque
848 1494 922 1559 edd„
940 1495 991 1548 sed
1017 1488 1230 1567 (ufsaepiuse

23 1563 128 1628 Tacito)
154 1566 260 1619 omissa
286 1565 318 1617 in
336 1565 417 1621 MSS.
436 1566 516 1623 Flor.
541 1565 631 1632 (teste
656 1567 712 1623 lac.
733 1568 837 1632 Gron.)
856 1566 924 1648 ileg.
947 1565 1043 1620 Gueli.
1069 1565 1139 1644 Agr.
1165 1567 1228 1622 edd.

23 1634 90 1706 Spin.
118 1637 176 1692 lac.
203 1636 293 1689 Gran.
320 1636 398 1692 Brot.
419 1636 509 1690 Belle.
529 1640 554 1694 2.
578 1638 693 1696 Walth.
714 1669 748 1682 -
781 1653 928 1705 prosimus
945 1637 1059 1708 quisque
1077 1671 1110 1681 -
1127 1655 1229 1706 perru-
1318 1672 1320 1682 ·

20 1725 87 1776 pere,
106 1711 145 1762 cf.
164 1706 227 1760 Iud.
247 1707 300 1760 111.
319 1725 349 1761 r.
377 1709 498 1762 Nomina
516 1709 669 1763 collecticio.
703 1725 859 1780 perrupere
885 1709 948 1764 edd.
974 1709 1036 1761 Put.
1063 1713 1087 1764 1.
1107 1712 1134 1766 2.
1161 1708 1227 1764 Bar.

22 1779 164 1850 (adquam
184 1780 274 1832 tacuit
291 1779 383 1846 Vina)
401 1779 491 1835 Rhen·
511 1786 536 1837 l.
556 1784 581 1838 2.
596 1785 621 1838 3.
642 1797 705 1852 sqq.
739 1797 920 1850 perrumpere
940 1777 1018 1835 MSS.
1039 1779 1181 1838 Guelffll
1220 1816 1228 1832 .

19 1867 164 1918 prorupere
189 1851 230 1904 ed.
258 1849 335 1920 Spir.
364 1884 395 1895 -
442 1869 539 1906 rumor
569 1853 734 1919 incesserat,
763 1863 794 1909 v.'
811 1853 846 1906 ad
872 1853 943 1918 1‚6,
963 1857 988 1908 l.
1026 1857 1151 1905 cesserat
1167 1797 1227 1904 lii.

22 1923 108 1976 Gualt.
127 1950 162 1961 -
198 1921 323 1975 ualidum
340 1931 367 1977 et
383 1923 461 1990 fidum
479 1922 559 1978 MSS.
579 1923 754 1981 eorunm.
775 1923 1036 1980 esculanus.
1057 1941 1118 1994 sqq.
1155 1922 1228 1976 ooli·

22 1993 65 2046 doe
81 2000 106 2045 et
123 1995 198 2060 fidae
216 1993 260 2050 ed.
279 1993 355 2064 Spin.
375 1995 498 2049 validum
517 2001 543 2048 et
559 1997 668 2063 fimum
684 1993 763 2052 MSS.
782 1995 864 2050 Bodl.
883 1995 939 2049 les.
960 1994 1060 2050 Gueli.
1081 1992 1144 2049 edd.
1162 1995 1226 2049 rut.

24 2071 42 2121 l.
60 2069 84 2124 2.
101 2065 167 2124 Ber.
188 2065 339 2139 (adquam
357 2065 442 2122 siluit
459 2067 549 2136 vict.)
566 2065 657 2122 Rhea,
677 2072 703 2125 l·
723 2067 770 2123 Ci.
789 2067 826 2124 ad
843 2071 871 2136 3,
890 2072 917 2135 1,
935 2069 962 2125 2.

459 2209 651 2267 GAPU'I'
688 2210 780 2270 xvl.
897 2258 900 2262 .

93 2315 254 2382 Ceterum
282 2318 422 2382 obsessis
448 2317 530 2382 adeo
562 2319 831 2403 suppeditavisse
860 2339 934 2382 rem
973 2319 1227 2382 frumentariam

21 2403 213 2478 constitit,ut
233 2402 365 2464 horreis
387 2403 497 2489 iguem
520 2405 699 2466 iniicerent
725 2412 908 2484 contraque
933 2401 1122 2484 prodiderit
1144 2401 1227 2464 Cor-

20 2483 102 2562 bulo,
123 2485 267 2546 Parthos
288 2487 404 2567 inopes
427 2488 600 2569 copiarum
622 2494 656 2548 et
675 2486 799 2568 pabulo
820 2488 937 2547 attrito
965 2487 1146 2548 relicturos
1169 2504 1227 2568 op-

20 2569 259 2652 pugnationem,
280 2588 398 2650 meque
425 2589 470 2635 se
493 2569 567 2652 plus
596 2567 702 2630 tridui
731 2569 853 2630 itinere
879 2567 1033 2635 abfuisse.
1082 2567 1226 2646 Adiecit,

21 2649 256 2712 iureiurando
283 2652 377 2712 Paeti
404 2660 540 2713 cautum
567 2649 656 2733 apud
685 2651 791 2736 signa,
823 2648 1029 2712 adstantibus
1057 2651 1110 2728 iis,
1145 2669 1226 2732 qnos

20 2733 218 2795 testificando
239 2753 300 2796 rex
321 2735 476 2811 misisset,
498 2738 662 2796 neminem
684 2733 869 2796 Romanum
885 2731 1078 2793 Armeniam
1099 2734 1227 2818 ingres-

20 2835 137 2895 surum,
171 2815 276 2879 donec
302 2820 513 2879 referrentur
541 2819 661 2880 literae
683 2818 846 2894 Neronis,
877 2835 920 2876 au
949 2817 1024 2896 paci
1052 2822 1224 2878 annueret.

21 2899 101 2960 Quae
122 2907 163 2962 ut
183 2899 354 2986 augendae
375 2902 530 2962 infamiae
553 2887 747 2984 compositass
776 2900 824 2961 sic
851 2899 977 2980 reliqua
1010 2917 1075 2958 non
1103 2899 1138 2958 in
1168 2898 1225 2980 ob-

20 2999 108 3043 scaro
129 2983 308 3058 habentur,
330 3003 396 3045 una
418 2983 473 3045 die
495 2983 715 3070 quadraginta
735 2983 879 3045 millium
901 2983 1043 3062 spatium
1058 2997 1226 3042 emensum

21 3083 83 3126 esse
112 3066 251 3128 Paetum
281 3065 422 3127 desertis
449 3070 570 3149 passim
599 3069 732 3144 sauciis,
762 3085 869 3146 neque
901 3066 1010 3126 minus
1041 3062 1226 3125 deformem

19 3147 102 3208 illam
124 3151 326 3234 largientium
347 3149 604 3232 trepidationem
632 3169 728 3231 quam
756 3151 785 3210 si
818 3157 911 3233 terga
938 3148 974 3206 in
1002 3147 1073 3208 acie
1101 3147 1227 3208 vertis-

20 3241 93 3292 sent.
139 3229 287 3294 Corbulo
309 3252 383 3293 cum
412 3235 480 3293 suis
509 3235 613 3315 copiis
643 3231 731 3316 apud
759 3234 867 3312 ripam
896 3228 1075 3309 Euphratis
1104 3229 1226 3292 obvius

20 3331 78 3372 nou
99 3334 170 3376 eam
192 3317 334 3396 speciem
357 3318 421 3376 insi
446 3317 539 3380 nium
566 3324 599 3376 ct
623 3335 795 3377 armorum
821 3313 990 3395 praetulit,
1020 3319 1059 3372 ut
1084 3310 1226 3374 diversi-

19 3401 114 3457 tatem
143 3398 372 3478 exprobraret.
462 3400 545 3460 aesti
573 3399 734 3480 manipuli
761 3415 800 3459 ac
826 3399 935 3458 vicem
963 3395 1226 3457 commilitonum
1292 3449 1295 3458 .

18 3481 206 3542 miserantes
228 3499 270 3542 ne
291 3481 437 3542 lacrimis
459 3479 591 3564 quidem
612 3489 818 3563 temperare:
846 3481 903 3542 vix
925 3497 1004 3560 prae
1025 3481 1107 3540 fletu
1127 3496 1226 3539 usur-

18 3569 89 3640 pata
109 3563 338 3626 consalutatio.
375 3563 573 3626 Decesserat
593 3564 919 3642 certamenpvirtutis
941 3568 974 3624 et
995 3561 1133 3622 ambitio
1155 3561 1226 3646 glo-

19 3646 93 3715 riae,
116 3645 263 3706 ielicium
284 3647 457 3709 hominum
477 3650 624 3710 affectus.
667 3647 745 3710 Sola
772 3642 1005 3708 misericordia
1032 3644 1165 3708 valebat
1192 3651 1227 3706 et

19 3726 98 3807 apud
119 3730 267 3790 minores
288 3732 403 3816 magis.

80 3849 106 3900 l.
124 3843 243 3898 obrem
259 3844 557 3914 odeo'eappeditauiase
573 3861 626 3900 rem
644 3844 855 3912 frumentorium,
873 3861 901 3898 r.
921 3845 955 3899 ad
973 3847 1000 3911 4,
1017 3847 1046 3911 4,
1064 3845 1093 3900 2.
1104 3873 1138 3886 -
1165 3859 1226 3896 ωπ-

20 3918 102 3984 trusae
118 3917 272 3986 prodiderit
285 3919 411 3981 Cortuto,
429 3921 466 3974 ci.
480 3917 516 3972 ad
532 3921 611 3984 11,2,
624 3919 652 3972 2.
663 3925 738 3971 extr.
758 3915 928 3986 „prodiderit
946 3917 978 3968 in
997 3915 1226 3980 commentariis,

20 3989 127 4055 opinor,
144 3997 196 4042 aut
212 3987 337 4043 historia
353 3988 442 4044 huius
462 3989 652 4060 expeditionis
677 3988 710 4042 ab
738 4005 771 4041 eo
794 3989 912 4058 scripta.
939 4005 969 4040 v.
993 3985 1068 4039 Plin.
1087 3987 1115 4052 ὅ,
1134 3988 1177 4042 24.
1198 3989 1225 4052 6,
1311 4003 1315 4016 ·

19 4059 155 4126 i.“1.ipa.
191 4060 305 4128 ‘„lmmo
327 4061 409 4115 inter
432 4060 539 4114 amieos
560 4068 589 4114 et
607 4060 638 4112 in
658 4059 789 4130 epistolis
808 4059 843 4113 ad
860 4060 1070 4128 Imperatorem
1090 4057 1225 4126 scriptis:

19 4144 69 4182 non
90 4131 170 4184 enim
196 4131 360 4186 verisimile
388 4139 441 4197 est,
473 4129 607 4184 Tacitum
633 4137 735 4184 contra
760 4131 909 4186 dicturum
927 4128 1029 4194 fuisse,
1057 4129 1082 4181 si
1101 4129 1132 4180 in
1151 4129 1226 4181 iusta

19 4197 136 4254 historia
151 4201 358 4274 prodidisset.“
374 4202 460 4273 Ryei.
498 4201 592 4269 „Qum
610 4202 686 4254 ratio
703 4200 827 4256 minime
845 4200 955 4255 sufficit
976 4200 1010 4266 ad
1021 4199 1161 4270 ¹lipsium
1179 4213 1225 4250 re·

19 4271 182 4327 tellendom.
217 4272 311 4328 Immo
338 4280 459 4347 tempus·
477 4273 510 4330 in
534 4273 688 4344 prodiderit
705 4279 735 4326 et
752 4273 856 4326 adiecit
874 4273 943 4326 satis
961 4277 1095 4337 testatur,
1129 4269 1225 4322 moni-

18 4351 108 4399 menta
128 4342 309 4412 corbeianis,
336 4345 442 4417 quibus
468 4342 540 4400 haec
563 4343 761 4410 tradebantur,
789 4343 907 4399 durasse
923 4340 960 4396 ad
978 4340 1075 4397 Taciti
1092 4347 1221 4396 aetatem.
