2872 4786
416 232 419 241 ·
444 204 507 272 Al)
527 205 698 275 ANNAL.
731 205 817 278 Lus.
838 206 882 274 11.
1212 207 1276 278 829

443 372 525 430 ΧΠ.
563 373 610 428 ad
636 373 721 446 Gap.
747 373 884 430 txxt'.
1271 399 1275 404 ·

122 445 242 502 mlum
259 447 334 502 laetu
352 445 428 501 auita
444 444 574 510 amauit,
601 447 684 518 quasi
702 447 734 501 iu
752 447 950 524 gratulatione
973 453 1024 501 aut
1041 449 1124 518 quasi
1147 449 1209 503 ruti
1226 447 1276 504 da·

51 527 160 580 mnata.
178 537 208 573 r.
223 519 326 575 liestus
344 519 376 572 iu
395 518 491 573 verbis
508 518 656 574 Minuitur
672 518 773 572 luctus.
811 517 886 584 Quid
903 533 974 572 vero
991 527 1076 572 vueat
1091 521 1198 574 iactum
1216 519 1277 574 eul-

51 593 129 646 tamt
164 593 320 645 Vestemue
337 589 442 656 albem,
460 591 557 662 posita
598 591 679 643 'rai
712 609 749 644 an
766 607 870 644 aurum
896 595 925 644 et
943 599 1123 659 ornamenta,
1192 608 1225 646 ae
1244 592 1278 646 in

50 665 138 717 luctu
154 663 300 734 puuebent
322 663 450 722 feminae
477 675 571 732 eoque
617 663 679 718 nitu
703 661 901 734 recipiebant?
925 661 993 716 Nau
1010 669 1070 716 tatu
1094 611 1229 749 proillio
1246 660 1277 716 id

51 743 181 790 statuere
209 741 334 805 propter
358 741 474 788 veteres
504 733 679 804 scriptores',
708 737 758 804 qui
782 731 837 788 hau
860 733 894 786 iu
917 749 951 786 re
976 737 1133 792 sententiis
1156 734 1276 789 diversi.

51 805 214 877 Dionysius
232 803 259 872 8,
278 807 323 864 62
348 803 466 881 nigram
485 811 596 858 vestem
614 805 733 859 feminis
750 805 894 858 attribuit.
931 807 1059 866 Γυναῖκες
1078 802 1232 876 Ῥωμαίων,
1256 805 1277 858 ui

52 883 143 946 νόμος
161 875 236 932 iusta
252 879 348 938 συκαῖς
367 871 412 930 int
429 881 487 937 τοῖς
504 875 587 936 ἰδίοις
605 878 651 929 καὶ
669 876 830 945 ἀναγκαίοις
846 879 940 930 ποιεῖν
956 877 1076 946 κήδεσιν,
1104 876 1279 944 ἀποθέμεναι

51 951 165 1023 χρυσόν
180 969 208 1004 τι
225 951 272 1004 καὶ
289 956 436 1020 πορφύραν
459 947 572 1001 καὶτὸν
589 945 673 1000 ἄλλον
695 949 811 1015 κόσμον,
828 947 945 1018 μέλασιν
966 947 1142 1021 ἀμφιασμοῖς
1167 952 1278 1020 χρώμε-

43 1039 103 1076 ,ναι
121 1021 173 1075 τὸν
190 1017 331 1076 ἐνιαύσιον
355 1017 512 1088 ἐπένθησαν
533 1019 649 1091 χρόνον.
687 1018 772 1090 Apud
790 1016 908 1073 suidam
932 1020 1061 1076 incertus
1087 1022 1216 1094 scriptor
1242 1019 1279 1076 de

52 1093 159 1148 Marcii
176 1093 294 1148 iuuere:
322 1095 377 1144 Kal
395 1091 426 1144 ai
442 1095 567 1160 γυναῖκες
591 1087 765 1160 ἀποθέμεναι
781 1091 892 1162 χρυσὸν
913 1094 960 1146 καὶ
987 1093 1035 1146 τὸν
1057 1085 1139 1146 ittoa
1162 1099 1277 1162 κόσμον,

53 1167 101 1220 καὶ
117 1163 234 1232 μέλασιν
251 1162 291 1232 ἀμ
316 1167 426 1230 ιασμοῑς
454 1165 636 1231 χρησάμεναι,
655 1163 701 1216 καὶ
723 1168 896 1231 πενθησασαι
922 1161 1063 1218 taedimur
1084 1168 1200 1236 χρόνον.
1236 1165 1279 1218 Et

53 1239 149 1308 Varro
168 1235 247 1290 clare
266 1184 317 1288 lig.
337 1235 391 1290 lll.
412 1233 448 1288 de
467 1235 528 1288 rita
546 1233 650 1305 populi
667 1233 801 1299 Romani,
821 1239 863 1300 ut,
883 1234 946 1288 dum
965 1252 1052 1306 supra
1070 1242 1177 1290 terrain
1194 1241 1277 1302 esset,

55 1305 161 1362 ricinis
176 1308 321 1376 lugerent3
349 1307 448 1372 funere
465 1303 538 1373 ipso,
563 1312 592 1357 ut
607 1305 699 1386 pullis
721 1306 812 1374 pallia
839 1305 967 1362 amictae.
1006 1305 1135 1364 Ibidem:
1160 1308 1279 1376 propin·

55 1396 127 1452 quae
149 1377 337 1443 anthracinia,
359 1377 507 1448 praeimus
531 1375 649 1430 amicula
673 1377 791 1446 nigella,
816 1377 921 1448 capilio
951 1378 1069 1432 demissa
1098 1385 1280 1450 sequerentur

55 1453 167 1505 tectum.
203 1450 339 1504 Valerius
363 1454 436 1515 1,1‚
456 1450 499 1505 1⁵.
525 1448 561 1502 de
589 1449 733 1503 Cannensi
757 1448 855 1503 clade:
887 1448 987 1520 ltaque
1013 1447 1133 1504 m'atree⁴
1146 1465 1179 1504 ae
1202 1451 1280 1517 filiae.

54 1521 243 1591 coniugesque
265 1537 353 1590 nuper
377 1519 601 1586 interfecturum,
629 1520 768 1574 abstersis
791 1521 920 1574 lacrimis
948 1521 1139 1592 depositisque
1172 1521 1280 1576 daturis

54 1593 230 1664 insignitus,
250 1593 400 1647 candidum
418 1591 535 1645 induere
552 1597 655 1646 anetem
681 1597 708 1646 et
727 1591 791 1645 urie
810 1593 879 1646 dure
904 1598 981 1644 tura
994 1599 1108 1647 coactae
1134 1599 1205 1650 eunt.
1241 1594 1281 1647 At

55 1666 110 1720 elii
129 1683 196 1721 eece
215 1681 357 1720 consensu
379 1661 475 1719 albam
521 1661 703 1717 Herodianus
729 1665 758 1718 iu
778 1666 884 1719 funere
902 1663 1004 1718 Severi
1023 1669 1050 1732 4,
1070 1668 1096 1722 ³.
1124 1666 1164 1717 At
1180 1671 1281 1736 γυναῖ-

55 1754 101 1798 κες
119 1731 193 1796 λιτὰς
211 1733 328 1804 ἐσθῆτας
345 1731 440 1798 λευκὰς
458 1729 681 1804 apparuimus
700 1736 795 1808 σχῆμα
813 1734 967 1807 παρέχουσι
985 1738 1179 1808 λυπουμένων.
1215 1733 1280 1792 Sta·

54 1811 117 1862 tius
135 1809 168 1862 iu
186 1808 319 1862 lacrimis
336 1809 457 1862 Etrusci
476 1804 549 1860 Silr.
569 1811 598 1874 8,
617 1809 645 1862 3.
683 1807 745 1859 Huc
761 1805 864 1862 vittata
882 1809 1134 1878 eumamniaeaque
1151 1809 1281 1877 insignis

55 1880 164 1935 amictu
182 1879 306 1934 Militat
325 1877 467 1950 exsequiis
486 1878 562 1932 adea.
600 1876 749 1954 Assiguat,
768 1886 802 1931 ut
818 1878 911 1946 vides,
931 1881 1046 1934 niveam
1064 1887 1186 1944 vestem,
1212 1882 1282 1952 quia

54 1953 174 2008 mulier.
212 1950 267 2006 Sed
291 1951 450 2006 clarissime
477 1948 650 2004 Plutarchus
679 1949 792 2016 Quaest.
816 1950 898 2005 Rom.
921 1954 1033 2022 puto.
1069 1948 1125 2004 Διὰ
1153 1955 1182 2003 si
1197 1948 1282 2005 λευκὰ

53 2016 1282 2167 ttttlttitttlilz⁶‘⁷0i1t”;it‘tmlttiiiiiiigtttissttt‘

429 2130 436 2146 ·
1272 2133 1282 2162 ν

55 2185 144 2239 quam
163 2166 251 2222 facile
269 2165 391 2220 conficio
410 2185 446 2221 ex
464 2174 632 2244 tempurum
648 2166 773 2220 ratione.
809 2167 960 2221 variatum
980 2167 1096 2222 seilicet
1118 2166 1174 2221 hee
1198 2169 1230 2221 in
1249 2184 1285 2222 re

55 2239 133 2310 apud
151 2237 295 2294 Romanos
313 2239 380 2291 mit.
417 2237 525 2292 Priscis
544 2237 734 2309 temporibus,
753 2237 822 2294 dum
840 2255 888 2293 res
906 2228 1024 2310 publice
1046 2240 1124 2294 vixit
1141 2247 1170 2294 et
1192 2237 1283 2293 liber·

54 2319 113 2376 tas,
132 2310 235 2387 nigrae
252 2317 346 2365 vestes
366 2309 457 2364 etiem
474 2309 593 2363 feminis
617 2309 648 2362 in
666 2309 758 2365 luctu.
795 2310 830 2363 ld
853 2308 960 2364 ducent
986 2311 1009 2363 ii
1030 2312 1204 2384 scriptores,
1231 2311 1283 2380 qui
1348 2315 1357 2323 ‘

55 2397 160 2437 omues
179 2382 365 2436 consentiunt
378 2381 409 2433 iu
425 2381 596 2434 narratione
613 2381 716 2444 moris,
736 2381 786 2450 qui
804 2380 859 2434 illo
878 2381 958 2436 aevu.
990 2381 1030 2435 At
1048 2383 1100 2436 sub
1120 2383 1282 2453 Imperato-

53 2453 139 2507 ribus
156 2453 324 2524 republica
342 2452 495 2516 exstincta,
514 2452 546 2504 iu
563 2467 649 2503 usum
666 2459 813 2504 venerunt
830 2450 1001 2536 lugubrium
1019 2454 1109 2508 albae.
1128 2453 1241 2507 Doceat
1259 2455 1282 2508 ii

54 2525 181 2578 alterius
205 2525 306 2578 classis
330 2531 431 2586 testes,
457 2522 509 2592 qui
528 2537 587 2574 uun
605 2521 636 2574 id
655 2521 792 2574 referunt
809 2523 870 2576 uisa
896 2521 932 2576 de
955 2531 1014 2577 tem
1037 2524 1136 2578 oribus
1165 2527 1281 2580 secutis.

55 2598 122 2650 Ηοσ
142 2596 200 2650 uisi
218 2603 311 2662 tenes,
329 2612 390 2648 uun
413 2611 480 2648 uam
507 2594 565 2647 erit
588 2599 623 2644 ut
645 2591 740 2646 solves
764 2609 832 2647 eum
855 2591 973 2650 nudum.
1011 2541 1068 2648 Καὶ
1095 2613 1169 2666 quas
1196 2612 1283 2652 causa

53 2669 146 2722 huius
170 2665 363 2721 mutationis?
425 2665 504 2726 redo,
530 2663 651 2718 divitiae
680 2670 711 2718 et
742 2663 838 2728 luxus.
875 2665 1015 2719 Matrouis
1042 2665 1170 2738 antiquis
1200 2665 1284 2721 calor

54 2738 143 2796 albus
161 2739 296 2815 einiger
315 2737 445 2814 cogniti,
469 2736 565 2808 iisque
585 2735 655 2789 solis
679 2733 728 2789 vel
745 2736 912 2807 praecipuis
935 2752 1015 2790 usae.
1052 2738 1091 2791 At
1115 2745 1182 2810 post
1209 2737 1283 2792 seri-

55 2828 124 2866 cam
151 2809 315 2864 traductam
339 2817 451 2864 vestem
475 2815 505 2861 et
530 2807 681 2884 vulgatam
700 2807 799 2874 coam,
828 2815 895 2880 pust
919 2806 1080 2894 galbanum,
1107 2809 1282 2876 caeruleam,

55 2879 288 2951 amethystiuam
307 2887 336 2935 et
352 2887 398 2933 tot
416 2896 524 2958 genera
535 2887 653 2950 reperta
662 2878 795 2932 colorum
806 2895 889 2933 rarus
899 2877 1082 2956 dignioribus
1091 2879 1283 2956 semiuislslbi

56 2971 138 3008 usus.
173 2949 306 3022 spretus,
334 2951 465 3024 iuquam,
498 2951 588 3022 (quud
612 2967 648 3004 ex
670 2951 765 3022 poetis
791 2951 881 3005 facile
907 2950 1013 3017 disces)
1041 2959 1224 3022 contemptus
1247 2969 1283 3006 ue

55 3024 145 3079 calor
161 3021 260 3090 albas,
271 3023 341 3078 sdeu
358 3032 393 3077 ut
410 3031 479 3077 nata
497 3021 593 3078 luctus
611 3022 704 3076 fuerit
723 3020 848 3092 superbo
866 3023 958 3089 sexui,
977 3039 1045 3077 eum
1063 3023 1201 3080 induisse.
1249 3039 1284 3078 οσ

55 3101 229 3151 constanter
254 3111 365 3151 censeo.
401 3095 498 3148 Movet
522 3111 569 3150 me
593 3093 700 3148 leviter
723 3091 861 3163 Appuleii
885 3094 977 3162 locus,
1001 3094 1053 3166 qui
1077 3095 1142 3149 Met.
1162 3093 1198 3148 ll.
1216 3103 1284 3166 post

53 3167 134 3224 med.
181 3209 187 3222 .
214 3167 275 3224 125.
312 3165 450 3221 inferiori
476 3163 531 3218 illu
554 3179 624 3220 aevo
648 3171 810 3218 matronam
836 3164 956 3228 flebilem
985 3167 1065 3232 russea
1089 3171 1166 3220 ueste
1189 3173 1284 3221 cante·

55 3246 138 3295 etam
154 3183 306 3304 suscribit,
324 3253 394 3304 uun,
412 3243 446 3291 ut
464 3235 573 3300 debuit,
592 3236 672 3302 alba,
698 3243 875 3290 assumus
897 3237 1041 3314 demovet,
1067 3237 1136 3308 quia
1152 3247 1204 3292 aut
1220 3239 1284 3311 pri·
1359 3289 1362 3294 Δ

54 3327 141 3368 scum
159 3309 252 3364 ritum
271 3309 302 3362 iu
321 3309 418 3366 animo
435 3307 548 3375 habuit,
566 3315 600 3360 ut
619 3307 703 3372 solet,
721 3307 893 3392 Appuleius,
920 3315 972 3362 aut
995 3307 1077 3364 eliud
1103 3310 1135 3362 in
1162 3312 1284 3382 pruriu-

57 3385 115 3438 ciis
134 3381 203 3447 tuit,
223 3379 273 3434 ubi
291 3380 323 3435 id
339 3388 469 3457 gestum,
488 3396 571 3436 mora
589 3378 730 3435 Graeciae
747 3377 888 3434 videlicet
906 3387 1031 3449 retentu,
1056 3381 1133 3452 apud
1151 3398 1222 3453 quus
1240 3385 1285 3438 te·

56 3455 159 3509 minas
178 3453 210 3505 in
228 3451 313 3506 luctu
332 3453 444 3528 nigrae.
1183 3460 1189 3474 ¹

133 3522 231 3578 ΑΒΗ.
251 3524 306 3578 Pro
323 3532 406 3578 veste
429 3523 515 3600 nigra
533 3519 669 3576 Tibullus
687 3521 766 3577 clare
790 3529 834 3576 est
851 3523 879 3589 3,
897 3523 925 3589 ²,
946 3526 988 3579 17.
1024 3523 1098 3579 Pure
1126 3541 1195 3596 puae
1219 3526 1283 3579 sala

55 3595 117 3652 mei
136 3595 282 3664 superauit
302 3594 440 3664 caeparia,
459 3610 524 3648 ossa
541 3593 672 3648 lnaincta
692 3595 780 3664 nigra
797 3595 921 3652 candidu
939 3601 1015 3650 veste
1038 3597 1143 3665 legunt.
1180 3597 1219 3650 At
1236 3597 1286 3651 li·
1320 3623 1329 3634 ·

56 3665 1287 3810 tit’mitti⁰tiit‘ilillttt'tlttlmussiltullii&

57 3819 132 3866 suut
148 3813 194 3875 ³4,
214 3811 238 3862 7.
276 3809 417 3863 Mulieres
441 3807 510 3880 quid
532 3809 610 3862 aliud
627 3809 658 3863 in
684 3755 873 3879 ‘umgequam
893 3825 1045 3880 purpuram
1075 3757 1158 3880 atqie
1185 3825 1288 3865 aurum

58 3882 228 3952 deponunt?
257 3881 335 3950 quid,
362 3897 443 3950 quum
468 3882 622 3948 eluxerunt,
648 3881 781 3935 wmuntt
817 3881 902 3949 Nam,
936 3879 1014 3954 quud
1039 3881 1142 3937 Festus
1166 3883 1289 3937 tradidit

58 3957 100 4022 (v.
122 3951 270 4008 Minuitur
288 3955 389 4017 luetur)
412 3953 545 4030 lugentes
569 3955 602 4005 iu
627 3951 754 4024 pellibus
778 3953 880 4020 fuisse,
908 3953 1109 4024 αἰνιγματῶδες
1135 3963 1188 4008 est·
1225 3953 1288 4008 Pel·

57 4030 125 4092 lem,
144 4025 252 4096 iuquit,
272 4022 371 4078 ludere
390 4024 525 4078 Herculea
541 4023 669 4091 fingitur,
688 4031 719 4077 ut
737 4021 862 4078 leminea
880 4026 972 4080 cultus
989 4025 1103 4097 antiqui
1120 4027 1289 4080 admonean-

57 4105 121 4152 tur.
158 4095 426 4166 Lugenteepuaque
444 4095 541 4150 diebus
559 4097 650 4150 luctus
668 4095 701 4149 in
715 4095 839 4165 pellitus
856 4104 928 4150 eunt·
964 4096 1050 4152 Nihil
1076 4096 1137 4152 tale
1160 4099 1289 4170 reperio,

57 4167 123 4223 nisi
142 4169 289 4222 consentis
308 4165 393 4232 mihi,
413 4183 519 4243 magus
536 4167 617 4221 Festi
636 4169 791 4239 interpres,
811 4169 863 4236 (te,
881 4167 1023 4248 Scaliger,
1041 4168 1173 4242 appello)
1190 4175 1226 4220 ut
1243 4184 1290 4220 au-

57 4239 172 4311 eipiam
189 4237 225 4292 de
243 4240 336 4295 laneis
354 4240 455 4306 vittie3
474 4257 545 4311 quas
564 4238 705 4294 mulieres
723 4241 756 4294 iu
774 4239 858 4293 luutu
876 4241 1041 4314 sumpsisse,
1070 4257 1086 4295 e
1104 4241 1195 4296 variis
1216 4239 1292 4291 suri·

55 4319 181 4384 pteram
200 4309 274 4364 loeis
293 4318 417 4372 eertum.
452 4309 499 4367 aa
517 4307 575 4366 hou
592 4311 693 4380 mavis,
718 4309 877 4368 insititiam
895 4311 975 4387 istud
999 4309 1143 4367 emblema
1166 4307 1291 4368 al’su'*

94 4401 165 4470 Opp.
188 4401 253 4458 Tae.
276 4402 308 4458 Y.
324 4399 364 4457 Π.
1018 4388 1060 4454 34
