2872 4786
326 237 470 306 creor
489 191 1044 324 xxvr11.,(a.c.e1o.ao.oe)
1233 245 1295 315 eoo

77 425 168 481 qnam
193 403 285 463 edidit
306 403 443 474 lichena,
461 413 496 462 nt
512 406 649 477 requirere
665 405 814 462 aedictum
833 407 872 464 sit
888 425 943 480 pro
960 407 1149 478 requisimus·
1160 425 1200 478 ee,
1219 412 1297 484 queo

77 479 168 536 verba
185 480 243 534 πίει·
260 512 294 524 -
312 478 445 531 indae’eeet
461 479 632 536 desiderant.
670 477 763 552 Supra
781 481 953 546 notavimus,
972 481 1021 534 ubi
1038 483 1139 538 futura
1156 499 1216 538 non
1233 487 1296 538 usi·

75 559 136 607 tam
164 551 235 606 satis
259 551 327 616 sint,
346 551 509 620 praesentia
526 551 629 621 poni·“
652 551 719 607 Ern.
757 550 856 616 „Male
887 549 1037 607 Sententia
1062 559 1120 608 est:
1158 563 1296 625 oportere

75 623 244 676 mmmmm
268 623 364 675 adesse
387 621 416 672 r'n
438 629 533 674 senata
560 629 615 678 cet.
643 637 697 677 nec
720 619 877 678 'lbraseam
903 623 1000 678 officia
1027 642 1077 678 sua
1110 624 1296 682 deserturum

74 695 179 760 tuisse,
197 692 254 746 aiei
272 725 306 738 -
323 692 465 748 indeieeet.
503 693 579 750 Nem
602 692 673 748 talia
696 693 889 781 intelligenda
912 703 980 750 ante
997 695 1063 761 stet,
1086 703 1120 750 nt
1138 697 1248 753 similia
1266 705 1294 766 l,

74 768 122 822 35.
147 769 176 830 4,
201 765 245 822 bl·
273 767 300 830 b,
324 767 351 822 9.
376 767 420 830 12,
439 763 506 820 42³⁴
535 763 641 820 Waltl.
689 765 745 821 ssi
771 763 824 820 bic
854 765 926 820 dura
958 773 1003 820 est
1034 765 1087 822 illa
1120 767 1235 840 ellipsis
1265 777 1296 825 et

75 837 176 890 lenior
192 835 251 889 alie
268 837 335 890 aliis
354 833 436 892 locis.
455 835 501 890 Cf.
521 835 585 890 ini:
602 835 657 890 111.
682 853 711 892 v.
732 835 851 905 mttipses
874 855 920 890 nr.
941 841 982 894 to.
1010 844 1039 892 et
1060 839 1207 894 Verborum
1224 839 1297 894 modi

75 912 151 973 1,1.
188 907 404 972 „callidissime
428 915 578 961 accusator
600 905 741 978 paulatim
759 908 885 985 assurgit
907 909 938 962 in
957 908 1146 976 criminando,
1176 912 1295 966 averia

75 986 108 1034 et
125 977 239 1032 levibns
256 978 431 1049 pertendens
449 977 484 1031 ab
501 979 575 1032 falsa
594 985 624 1032 et
647 979 805 1034 invidiosa:
832 997 901 1033 nam
922 980 1052 1052 primum
1076 979 1178 1035 obiicit
1200 979 1295 1040 ’Πιτα-

75 1065 153 1114 aeae,
172 1049 249 1118 qnod
266 1051 297 1103 in
317 1056 447 1105 senatum
466 1048 517 1102 diu
534 1065 593 1103 non
611 1049 737 1117 venerit,
756 1058 820 1104 tum
838 1051 916 1122 quod
933 1052 1194 1122 nuncupationibus
1212 1063 1296 1110 roto-

74 1137 145 1173 rum
163 1118 240 1174 haud
257 1119 385 1186 affuerit,
404 1121 537 1190 quamvis
555 1120 810 1192 quindecimvirali
829 1122 990 1176 sacerdotio
1006 1122 1166 1193 praeditas,
1190 1121 1296 1182 isinos

74 1192 166 1245 illum
189 1191 337 1262 principio
356 1191 423 1244 anni
441 1191 575 1246 sollenne
593 1191 794 1246 iusiurandum
811 1193 906 1248 vitare
923 1194 985 1248 indi
1043 1202 1101 1248 tur.
1120 1193 1164 1253 Gi.
1184 1213 1245 1268 cap.
1260 1199 1298 1256 14

74 1265 175 1334 princ.
211 1261 272 1316 lam
290 1265 400 1339 pergit,
419 1260 491 1316 haec
509 1262 606 1318 omnia
623 1281 654 1318 se
671 1265 818 1332 requirere,
836 1262 866 1320 h.
887 1281 911 1320 e.
930 1264 991 1319 elesa
1012 1282 1094 1322 erare
1113 1265 1163 1321 rel
1185 1266 1297 1322 deside-

75 1343 214 1388 raturnm
233 1351 305 1400 esee,
325 1333 365 1400 (v.
384 1333 421 1388 ad
438 1337 466 1397 3,
484 1336 512 1399 b,
532 1334 570 1400 l.)
588 1332 647 1387 nisi
672 1335 741 1390 satis
763 1343 908 1406 appareat,
936 1334 1094 1391 Thraseam
1119 1339 1295 1410 contemptis

76 1405 224 1460 institutis
244 1413 273 1460 et
291 1406 475 1460 caerimoniis
493 1406 637 1459 maiorum
654 1405 837 1476 proditorem
859 1405 955 1476 palam
974 1415 1003 1462 et
1024 1405 1140 1462 bostem
1157 1408 1295 1464 induisse.

77 1475 241 1530 eamearn
258 1474 385 1533 Thrasea
402 1475 577 1547 appellatur,
601 1477 678 1548 quod
696 1485 778 1532 ortus
795 1493 832 1532 ex
848 1477 972 1546 familia,
998 1477 1030 1532 in
1055 1497 1111 1551 qna
1129 1480 1296 1542 oemulatur

74 1545 173 1603 honor
193 1549 262 1612 mit,
291 1549 340 1603 vel
366 1550 443 1618 qnod
466 1548 499 1601 ab
518 1547 699 1618 imperatore
725 1549 805 1602 inter
822 1549 988 1604 consulares
1006 1549 1127 1604 allectus
1136 1559 1216 1616 .‚errt·
1251 1550 1296 1608 De

73 1635 134 1688 quo
162 1620 271 1676 saeculi
294 1637 311 1674 a
338 1617 456 1674 Christo
479 1619 570 1690 primi
595 1635 628 1674 ao
659 1619 781 1674 secundi
807 1619 946 1691 loquendi
969 1637 1025 1674 usu
1050 1623 1128 1676 cont.
1154 1621 1295 1678 Mariniua

72 1693 196 1747 Fratetti
221 1691 318 1746 Arnai.
354 1690 445 1751 ’1.11.
473 1708 503 1762 p.
523 1693 586 1748 794.
614 1698 643 1746 et
667 1707 695 1762 p.
715 1695 777 1748 804.
802 1700 863 1746 not.
882 1692 930 1749 95⁴
957 1693 1060 1750 Ritter.
1095 1692 1208 1748 Eodem
1230 1695 1296 1748 tera

74 1781 164 1819 sensu
189 1770 219 1818 et
241 1771 334 1831 recte,
366 1764 481 1834 opinor,
505 1760 578 1816 haec
602 1763 681 1832 cepit
706 1761 843 1817 Picbana.
879 1763 924 1816 An
942 1779 1013 1819 vero
1031 1761 1159 1818 'lbrasen
1176 1763 1295 1841 vulgari

72 1837 174 1907 potius
194 1851 279 1889 sensu
297 1835 449 1888 cementaria
468 1835 507 1888 sit
525 1834 620 1888 dictus
639 1842 669 1888 et
686 1834 798 1900 consul,
818 1833 919 1889 saltem
938 1835 1085 1902 suffectos,
1107 1835 1209 1901 fuerit,
1234 1850 1295 1890 non

74 1909 145 1960 satis
165 1914 285 1960 constat.
306 1933 340 1945 -
375 1912 470 1961 contra
487 1905 631 1959 instituta.-
657 1921 713 1977 pro
732 1922 765 1960 eo
788 1903 939 1977 Bipontini
964 1907 1108 1977 scripsere
1131 1913 1296 1960 contemnens

72 1978 204 2032 instituta
222 1985 252 2032 et
269 1994 351 2032 moro
370 1993 421 2032 sno
441 1977 566 2047 sapiunt.
586 2009 619 2022 -
654 1977 817 2047 proditorem
840 1979 976 2047 palam'et
992 1976 1092 2036 mrtem
1113 1977 1235 2033 Piraeea
1253 1975 1295 2032 in·

73 2050 188 2117 danen,
212 2067 240 2104 r.
259 2049 296 2104 ad
313 2052 357 2117 14,
375 2051 419 2115 5²,
440 2052 467 2108 2.

144 2193 173 2251 3.
200 2205 287 2257 agere
308 2197 456 2246 senatorem
482 2189 560 2250 MSS.
588 2199 618 2248 et
645 2189 708 2250 sit.
735 2197 795 2247 ret.
834 2199 932 2246 raeter
956 2189 1014 2247 MS.
1033 2191 1103 2280 Agr.
1122 2190 1155 2246 in
1173 2203 1231 2263 qno
1250 2185 1317 2246 ast

71 2269 183 2330 ageret,
202 2263 280 2334 quod
298 2279 436 2334 recepere
453 2263 517 2336 Bip.
539 2263 639 2319 tiberi.
663 2265 736 2319 Liin.
763 2264 803 2318 lie
848 2305 854 2316 .
881 2261 1143 2319 insonarent.
1179 2261 1295 2330 „Recto

72 2341 182 2402 ageret,
200 2343 233 2387 ut
252 2333 355 2389 deinde
373 2335 488 2401 veniret,
508 2343 646 2390 censeret:
672 2353 741 2391 nem
761 2335 812 2390 diu
829 2335 928 2391 absens
946 2335 1024 2391 mele
1041 2335 1192 2391 diceretur
1208 2349 1295 2402 agere

72 2404 379 2531 senatoremdeots'tas.“
404 2407 497 2463 Obert.
535 2408 597 2474 „Pe
636 2424 724 2531 arani.
761 2407 863 2530 Agin.
885 2413 1034 2530 eene'artgrem
1058 2413 1103 2462 est
1130 2413 1295 2531 sensionem

72 2479 383 2628 {sternite}
396 2485 435 2603 it
451 2479 591 2618 istit
614 2485 940 2614 emittenti-¹:50,
965 2493 1296 2604 „minitanti

69 2627 212 2690 protegat.
251 2619 377 2690 Copulae
401 2627 427 2672 et
451 2621 528 2675 inest
545 2620 590 2674 via
614 2601 804 2674 adversativa.
833 2637 861 2676 v.
880 2618 916 2673 ad
934 2623 960 2684 1,
979 2623 1023 2686 1³,
1043 2621 1072 2676 2.
1107 2617 1131 2675 l.
1150 2617 1200 2674 Fr.
1221 2617 1295 2674 Gro-

71 2692 180 2746 novius
198 2693 311 2746 frustra
329 2691 472 2746 coniecits
491 2691 603 2760 deniqne
620 2705 706 2755 agere
723 2696 878 2755 senatorem,
896 2697 926 2743 at
942 2689 1083 2759 Principio
1100 2689 1297 2744 correctorem

69 2768 236 2832 protegeret,
255 2763 352 2815 soiitos
368 2764 472 2816 veniret
492 2763 565 2816 cet.“
586 2761 691 2818 Watrt.
729 2761 851 2832 Proprie
869 2761 958 2815 etiam
977 2777 1062 2816 sensu
1080 2761 1140 2815 dici
1156 2758 1187 2816 h.
1201 2759 1221 2814 l.
1239 2775 1294 2832 po·

16 2849 21 2856 '
70 2835 132 2888 tuit
150 2848 237 2898 agere
253 2839 400 2886 senatorem
417 2849 473 2906 pro
492 2834 552 2888 eius
569 2841 668 2905 partes
686 2849 783 2909 agere,
802 2837 847 2898 (nt
863 2825 1025 2887 histriones
1043 2833 1075 2887 in
1089 2849 1173 2886 scena
1184 2830 1294 2900 solent)

69 2905 101 2960 h.
123 2921 149 2962 e.
170 2906 233 2960 eius
272 2921 404 2958 ersonam
423 2913 452 2958 et
471 2906 596 2975 speciem
614 2919 727 2981 gerere,
746 2919 806 2958 non
824 2921 857 2958 re
874 2921 945 2959 vera
970 2921 1040 2958 esse.
1072 2902 1118 2958 (li.
1141 2902 1232 2958 Drak.
1257 2903 1294 2958 eal

70 2977 138 3032 Liv.
159 2978 229 3046 epit.
295 2975 343 3029 Vl.
362 2975 434 3029 Ero.
456 2973 746 3033 ottoniensem.
767 2973 867 3029 claui.
891 2991 917 3030 c.
940 2977 977 3033 lb
1001 2976 1096 3047 princ.
1119 2972 1238 3030 nuhaa.
1257 2973 1294 3030 atl

69 3046 167 3104 Rutil.
186 3047 260 3118 liupo
278 3064 307 3118 p.
326 3049 369 3104 86.
389 3046 535 3102 schem.
558 3047 595 3101 ad
619 3047 693 3101 Plin.
716 3063 782 3117 pan.
801 3062 826 3102 c.
845 3047 889 3104 15.
908 3074 941 3091 -
977 3048 1144 3114 putaturos:
1177 3045 1209 3098 in
1232 3043 1291 3100 MS.

70 3117 172 3173 Guelt.
187 3119 360 3188 prelaturas,
380 3119 411 3172 in
428 3118 471 3172 ed.
492 3117 512 3173 S
534 3119 571 3172 ir.
586 3119 761 3187 pratataroe.
780 3149 814 3161 -
851 3117 1060 3186 increpanterns
1084 3119 1116 3172 in
1134 3113 1191 3168 MS.
1209 3115 1292 3172 Flor.

69 3189 292 3317 inretire
326 3195 360 3244 ²²²
379 3135 1293 3331 {tinnienti-tremet‘eminentiore

70 3333 265 3388 calumniam!
284 3331 350 3385 Viri
366 3331 436 3386 boni
454 3331 573 3386 silentio
592 3331 679 3387 etiam
696 3331 772 3401 apud
789 3337 949 3400 tyrannum
964 3337 1097 3457 taceant.
1134 3329 1212 3384 Audi
1237 3329 1293 3384 illa

70 3401 235 3476 apud'Sen.
255 3400 319 3458 Oed.
338 3421 366 3459 v.
385 3406 439 3460 oto
456 3421 518 3475 sqq·
543 3403 600 3458 cit.
619 3410 712 3458 tacere
731 3401 831 3455 licente
848 3403 922 3456 natta
940 3405 961 3456 te
980 3407 1057 3456 ertae
1074 3399 1170 3456 minor
1186 3417 1206 3454 a
1222 3415 1292 3469 rege

68 3475 193 3546 petitor.
218 3473 304 3529 OED.
341 3473 430 3543 Saepe
458 3477 502 3528 oet
526 3473 628 3542 lingua
653 3472 748 3540 magis
771 3473 837 3542 regi
859 3478 942 3543 atque
968 3489 1058 3541 regno
1075 3477 1154 3526 mota
1171 3472 1320 3542 libertae,

71 3547 186 3602 abest.“
205 3545 333 3616 Lipsiae.
352 3575 385 3587 —
421 3545 519 3600 Pacem
537 3547 584 3600 itti
600 3562 652 3615 per
669 3545 762 3599 orbem
779 3544 1093 3614 terrae-dieple‘cerer
1119 3544 1206 3610 „Huc
1243 3557 1292 3597 ro-

70 3617 229 3690 culldubio
248 3617 385 3673 trahendi
408 3617 492 3671 numi
518 3617 652 3683 Neronis,
681 3616 716 3671 de
740 3614 844 3688 quibus
866 3623 934 3688 poet
955 3615 1028 3671 alios
1047 3615 1109 3692 egit
1125 3559 1243 3668 Eckhei
1259 3613 1293 3668 in

71 3689 167 3744 doctr.
186 3693 267 3742 num.
287 3697 344 3744 vet.
363 3689 429 3743 Vol.
447 3689 497 3742 vl.
547 3691 634 3746 ‚tte
671 3687 706 3741 ln
734 3703 835 3741 eornm
880 3688 970 3742 ostica
987 3686 1100 3763 legitur
1121 3685 1231 3741 Pace.
1258 3683 1290 3740 P.

71 3761 107 3816 R.
130 3759 266 3814 YERRA.
292 3759 432 3817 Manto.
459 3759 486 3814 P
539 3759 597 3815 ΤΑ.
626 3757 769 3815 ΙΑΝΙΙΜ.
799 3756 847 3811 CL
874 3759 947 3813 Str.
975 3759 1044 3813 item
1065 3755 1174 3812 Pecto.
1201 3754 1233 3810 P.
1253 3755 1291 3810 ll.
1317 3811 1320 3818 ,

75 3829 803 3888 veto.rAttTA.1ANt]M.owstr.⁴‘ooert.
829 3829 874 3884 Gi.
896 3827 974 3885 Suet.
996 3831 1066 3884 Ner.
1087 3845 1110 3882 c.
1132 3832 1175 3886 to.
1194 3827 1291 3898 ibique

71 3901 147 3956 Ern.
179 3902 263 3971 pacis
281 3901 329 3956 itte·
346 3903 390 3957 ed.
410 3901 489 3974 Spir.
509 3933 541 3946 -
577 3901 659 3957 bonis
671 3901 792 3974 publicis
808 3907 955 3956 maestam.-
979 3902 1011 3954 in
1038 3899 1094 3954 MS.
1113 3896 1198 3953 Gorb.
1215 3897 1242 3952 b.
1257 3913 1289 3968 p.
1340 3937 1346 3946 .

74 3975 220 4042 infestam.
240 4005 274 4018 -
311 3979 339 4028 et
366 3973 415 4044 qni
439 3975 515 4041 tora,
545 3970 668 4041 tleatra,
698 3971 803 4040 templa
823 3989 878 4042 pro
902 3969 1057 4028 eolitaele'ne
1077 3965 1198 4036 moeret,
1219 3975 1290 4028 xtam

73 4061 152 4111 raro,
171 4061 232 4102 non
249 4045 342 4121 magis
360 4047 571 4115 frequentaret,
589 4063 674 4116 quam
694 4042 819 4103 solitudo
841 4043 1025 4117 frequentari
1044 4040 1135 4108 solet3
1157 4041 1240 4094 Hnet.
1259 4045 1291 4093 et

73 4119 159 4174 Brat.
193 4133 249 4186 pro
273 4115 466 4171 collicitatline
490 4117 535 4171 ed.
560 4115 639 4188 Spin.
659 4147 694 4160 -
728 4113 913 4186 Abrumperet
936 4115 1024 4169 oe'tam
1049 4111 1084 4166 ab
1102 4127 1137 4166 ea
1161 4109 1290 4174 civitate,

74 4191 106 4242 in
125 4206 159 4244 es
177 4189 281 4244 virere
297 4187 453 4254 desineret,
480 4187 560 4244 enine
583 4184 734 4244 caritatem
756 4185 834 4252 olins,
862 4185 980 4253 ouium,
1008 4199 1078 4240 nanc
1101 4186 1130 4237 et
1152 4185 1292 4252 amentata

73 4260 212 4324 exuisset,
236 4257 274 4314 ci.
293 4259 329 4316 ad
347 4262 391 4326 14,
409 4262 456 4328 62,
473 4261 501 4318 1.
833 4257 839 4278 ”
1027 4267 1033 4278 “
