2854 4788
261 199 409 269 CAPUT
428 197 635 268 Vlmvlll.
668 195 722 282 (A.
732 197 775 264 U.
784 197 857 267 818.
886 196 927 264 A.
939 193 975 264 C.
988 194 1055 277 65.)
1206 193 1270 262 dli

52 371 148 428 Guelt.
166 376 197 427 et
221 368 284 426 edd.
308 375 368 428 vet.
405 369 452 426 itt
475 377 506 426 et
529 385 554 426 e.
573 371 600 426 θ.
618 370 646 427 9.
669 367 795 439 aliisque
815 364 897 439 loeis.
926 363 972 422 Ct·
990 361 1056 419 ind.
1074 363 1098 421 7.,
1118 389 1152 402 ·-
1186 377 1270 432 pree-

50 445 193 498 seucum.-
212 443 246 496 in
264 441 308 496 ed.
327 439 407 511 Spir.
426 440 622 509 praecellebat,
642 439 721 512 quod
738 456 827 512 aeque
843 438 952 494 bonum
969 445 999 494 et
1016 439 1139 492 fumasse
1157 435 1268 490 rectius
1331 485 1334 493 r

50 525 110 582 est3
136 512 243 569 Watrt.
270 513 315 570 Ci.
335 513 372 568 ad
389 516 434 580 tt,
451 513 498 581 45,
518 517 544 571 l.

115 606 144 661 2.
161 603 334 656 removendos
352 602 553 670 erepublica,
572 601 607 656 ab
625 603 688 658 eius
706 600 969 665 administratione,
988 617 1005 654 a
1021 596 1149 672 publicis
1166 611 1269 651 mune-
1319 635 1335 669 ·.
1418 631 1419 636 κ

50 677 136 730 ribus.
164 707 200 718 -
234 659 444 742 obiectavitque:
478 674 511 727 in
541 673 620 732 MSS.
646 673 730 730 Corb.
757 675 828 750 Agr.
857 671 900 728 ed.
929 669 1006 744 Spir.
1051 671 1267 738 obiectumque.

49 749 111 800 Non
135 746 229 812 male;
256 745 324 817 lien,
362 744 456 799 Immo
482 745 635 823 vulgatum
659 748 823 800 accuratius
850 762 912 798 rem
937 743 973 799 ad
990 743 1137 798 Neronem
1164 743 1268 806 refert,
1297 745 1299 756 '

50 835 136 888 quum
164 819 196 870 in
218 816 379 870 obieetctum
401 818 489 870 etiam
511 825 657 871 senatores
682 817 809 893 cogitari
832 817 962 886 possint3
990 813 1096 870 Wottlr.
1117 845 1151 856 -
1186 813 1269 865 etium

50 891 128 943 abest
146 907 163 942 a
180 887 236 942 MS.
257 887 328 943 Bud.
350 895 380 942 et
398 889 546 942 cosnmode
563 896 660 960 potest
677 889 790 956 abesse,
810 888 901 942 Otert.
921 915 954 926 —
974 887 1006 941 C.
1028 885 1121 939 Cascei
1138 885 1185 938 ari
1203 883 1269 956 (qui

49 961 177 1014 Caesaris
189 976 346 1031 percussor
357 957 438 1024 tuit),
457 961 576 1026 effigiem
594 959 721 1012 coluisset
737 962 780 1014 itu
797 959 972 1026 inscriptum:
990 959 1078 1014 DUX
1086 954 1273 1012 PARTlUM

49 1033 296 1102 Pompeianarum.
329 1031 377 1084 Gi·
403 1028 482 1084 Suet.
508 1032 579 1089 Ner.
603 1048 627 1084 c.
647 1035 691 1087 37.
718 1039 748 1086 et
771 1031 807 1086 de
832 1029 929 1085 titulis
952 1030 1066 1086 nomini
1084 1028 1218 1092 subiectis
1237 1026 1270 1078 in

48 1101 498 1229 assentabantur
520 1102 876 1230 iniistittil‘ts
891 1097 1270 1230 timiditati

49 1255 113 1300 ante
133 1245 228 1300 Oberl.
247 1261 340 1316 neque
358 1244 439 1298 aliud
457 1253 605 1300 enotatum
628 1255 672 1301 est
689 1266 704 1300 e
722 1246 780 1304 MS.
800 1245 881 1300 Flor.
918 1279 936 1314 „
943 1245 975 1300 Si
1002 1263 1107 1302 verum
1125 1252 1169 1299 est
1187 1239 1270 1307 Duri,

48 1320 172 1371 tortasse
198 1316 340 1370 vitiosum
367 1317 420 1382 itu,
453 1331 510 1387 quo
529 1317 628 1373 deleto
643 1319 764 1372 mollior
783 1326 827 1372 est
844 1317 976 1372 dativuss
1005 1335 1074 1372 nam
1098 1333 1158 1370 non
1174 1313 1273 1385 potuit
1371 1315 1373 1320 '

51 1405 110 1442 esse
137 1389 170 1441 in
196 1387 327 1464 imagine
353 1389 496 1458 scriptum
519 1389 582 1442 duci
596 1390 723 1457 partirer,
753 1389 836 1460 quasi
845 1405 889 1468 'ea
906 1391 1002 1466 unago
1029 1391 1040 1443 i
1062 1389 1087 1442 si
1106 1391 1273 1441 consecrata

49 1467 123 1514 esset
142 1466 172 1513 et
189 1458 297 1512 honori
317 1459 378 1512 eius
396 1460 500 1528 posita,
529 1461 596 1530 quia
613 1461 673 1514 tuit
699 1462 779 1514 inter
796 1469 905 1515 ceteras
945 1461 1019 1514 entis
1037 1461 1191 1535 imagines,
1223 1451 1274 1508 sed

50 1532 81 1582 in
101 1529 200 1584 titulis
219 1529 333 1583 nomini
352 1530 488 1584 subiectis
507 1532 566 1583 tuit
585 1533 672 1586 etiam
691 1532 747 1586 dor
762 1527 914 1597 partium.“
974 1546 999 1585 rt.
1030 1531 1145 1596 „Immo
1163 1527 1271 1612 potuit.

8 1627 12 1642 ·
49 1601 94 1654 Cf.
122 1603 166 1666 15,
190 1603 234 1656 'll-
271 1599 429 1653 Scaevinui
461 1601 605 1668 pugionem
631 1603 707 1670 apud
735 1601 897 1668 Capitolium
925 1601 1049 1654 semovit
1081 1597 1274 1666 inempeitque

47 1670 125 1724 lovi
148 1670 303 1724 Vindici.
323 1670 403 1726 Suet.
416 1673 476 1725 vit.
493 1689 517 1725 c.
532 1677 575 1729 lt.
604 1672 922 1740 topidemMemorioe
941 1669 1089 1727 Othonia
1106 1669 1272 1741 inscriptura.

48 1743 123 1798 Plut.
145 1741 176 1794 in
195 1741 257 1798 cic.
276 1757 305 1812 p·
325 1745 386 1800 876.
405 1747 453 1796 eoi
475 1743 507 1796 τὸ
525 1743 578 1811 μὲν
594 1743 705 1812 ἄγαλμα
723 1750 770 1812 τῆς
792 1747 906 1810 Ἀθηνᾶς
926 1773 958 1782 -
977 1738 1017 1804 εἶς’
1035 1740 1207 1795 Καπιτώλιον
1225 1757 1274 1792 κο-

46 1817 132 1884 μίσας
150 1813 284 1879 ἀνέθηκεν
307 1807 464 1882 introduce
483 1811 607 1884 Ἀθηνᾷ
631 1809 757 1884 Ῥώμης
781 1808 949 1870 Φ.ὖ7ακι.“
980 1813 1086 1868 Watrt.
1118 1811 1175 1868 Sed
1200 1811 1287 1864 haec,

47 1901 107 1939 non
128 1884 282 1938 mfficiunt
300 1884 335 1938 ad
353 1884 541 1938 refutandum
552 1885 737 1940 E'rnestium:
756 1903 823 1940 nam
842 1885 976 1957 exempla
994 1885 1048 1940 illa
1063 1901 1122 1938 non
1141 1889 1274 1956 spectant

48 1957 83 2010 ad
101 1956 246 2030 imagines
266 1956 400 2030 gentium
419 1964 448 2010 et
460 1957 563 2010 titulos
582 1957 614 2012 in
633 1955 669 2011 iis
688 1955 832 2011 subiectos
849 1955 1015 2011 nominibus
1034 1956 1204 2033 gentilium,
1223 1954 1274 2008 sed

48 2028 83 2081 ad
102 2027 180 2080 dona
197 2025 254 2079 diis
274 2027 488 2098 etlmperatori
506 2037 627 2100 sacrata,
646 2045 741 2100 nequo
760 2028 821 2082 illis
839 2028 913 2082 locis
932 2027 1044 2082 dietum
1061 2029 1114 2082 itu
1129 2026 1274 2094 inscripsit

46 2097 94 2152 rel
112 2098 279 2165 inscriptura,
300 2098 349 2151 sed
368 2099 547 2169 simpliciter
563 2101 708 2168 inscripsit
726 2108 757 2154 et
774 2099 944 2168 inscriptus,-
965 2100 1023 2154 hoo
1039 2115 1112 2153 vero
1132 2106 1176 2154 est
1195 2096 1274 2151 idem

47 2168 127 2242 quod
144 2185 249 2221 samen
267 2169 335 2236 fecit
353 2171 404 2223 vel
426 2170 549 2224 sacravit
573 2179 603 2225 et
627 2187 732 2226 sacrum
756 2178 825 2239 esto,
853 2189 925 2242 quae
953 2173 986 2226 in
1009 2171 1117 2224 talibus
1144 2169 1274 2224 donariis

45 2241 139 2296 adiici
164 2239 259 2295 solent
285 2241 451 2296 nominibus
477 2259 589 2308 eorum,
621 2243 725 2314 quibus
753 2243 897 2310 dicantur,
928 2242 980 2298 vel
1003 2241 1076 2298 haec
1102 2241 1138 2296 ad
1160 2241 1273 2296 datiros
1365 2305 1367 2310 Ι

45 2313 117 2367 illos
136 2311 330 2388 intelligenda
348 2321 423 2368 sunt.
446 2343 478 2356 -·
516 2327 551 2366 oc
575 2329 610 2365 ne
635 2315 761 2368 memorio
783 2322 883 2368 tontum
907 2315 1009 2382 infensi
1027 2315 1140 2371 nominis
1157 2313 1197 2366 cd
1213 2313 1274 2365 die·

46 2382 161 2438 cordiae
185 2390 303 2436 uteretur
327 2392 383 2438 cet.
411 2383 473 2440 edd.
499 2383 573 2438 Ern.
599 2383 679 2440 Brot.
706 2403 769 2457 sqq.
797 2405 833 2440 ex
857 2387 970 2441 emend.
989 2387 1085 2458 lipsii
1110 2394 1139 2441 et
1156 2383 1271 2439 Faerni.

45 2473 81 2508 uc
99 2455 229 2508 memorio
252 2451 330 2512 MSS.
354 2455 435 2511 Flor.
460 2456 533 2529 Reg.
558 2455 644 2514 Corb.
671 2457 741 2510 Bud.
766 2457 835 2534 Agr.
862 2458 907 2511 ed.
936 2455 1014 2526 Spir.
1051 2475 1085 2509 ac
1102 2464 1132 2510 ut
1150 2455 1274 2509 memoria

47 2525 128 2580 MSS.
147 2525 230 2578 Harl.
248 2525 329 2582 Bodl.
350 2527 403 2582 les.
425 2527 524 2582 Gueli.
544 2525 607 2582 edd.
626 2528 690 2582 Put.
712 2533 737 2584 1.
756 2531 783 2585 2.
804 2544 866 2598 sqq.
886 2527 921 2581 ad
939 2527 1011 2584 Ern.
1031 2529 1137 2595 „Recte
1156 2526 1274 2596 Lipsius

45 2615 80 2651 cc
98 2613 143 2654 see.
181 2597 244 2650 Hoc
262 2598 341 2652 enim
360 2599 523 2676 significat:
554 2605 583 2652 et
601 2601 684 2670 quasi
701 2616 761 2654 non
779 2599 929 2652 sufficeret
953 2600 1073 2652 infamis
1092 2617 1127 2652 ac
1144 2597 1274 2652 damnati

47 2669 182 2723 hominis
201 2669 371 2723 memoriam
389 2686 532 2724 renovare
554 2669 710 2740 palamque
737 2669 872 2735 coluisse,
897 2669 974 2740 quod
991 2669 1070 2722 nihil
1088 2669 1168 2723 aliud
1187 2685 1274 2739 quam

45 2740 242 2812 parricidium
268 2741 329 2794 eius
351 2741 475 2810 probare
499 2749 529 2795 et
546 2742 582 2795 ad
599 2743 698 2796 simile
724 2739 817 2796 scelus
840 2749 1009 2812 praesentes
1028 2757 1142 2806 vocare,
1174 2755 1274 2792 aemm-

44 2813 136 2880 psieee
154 2811 187 2867 t.
207 2813 337 2876 Sitonum,
355 2829 421 2866 eum
439 2812 571 2883 partibus
589 2813 769 2880 adiunxisse3
788 2811 839 2865 vel
857 2813 958 2866 etiam:
977 2829 1011 2866 ao
1029 2829 1066 2865 ne
1084 2812 1120 2864 ad
1137 2811 1275 2865 rebellio-

46 2901 116 2938 nem
136 2883 344 2937 stimulandam
367 2902 426 2936 una
450 2881 543 2936 hostis
562 2886 719 2940 Caesarum
737 2884 868 2960 imdgine
886 2886 1041 2947 niteretur,
1064 2885 1096 2936 in
1116 2891 1275 2954 qua'prae·

49 2963 98 3009 ter
119 2970 227 3008 nomen
245 2953 325 3008 nihil
350 2963 394 3008 est
416 2954 617 3020 additamenti,
644 2957 820 3024 assumpsisse
838 2955 958 3010 Silanum
976 2954 1055 3012 oet.“
1081 2953 1104 3010 l.
1124 2955 1169 3006 Fr.
1190 2954 1273 3008 uren.

46 3024 158 3091 Credo,
177 3025 208 3079 id
227 3041 262 3078 ree
281 3026 316 3079 ob
334 3025 404 3098 syll.
425 3043 483 3097 seq.
502 3041 546 3080 me
565 3029 712 3082 excidisse
727 3036 756 3080 et
773 3026 807 3081 ab
825 3025 881 3081 hau
899 3045 959 3082 esse
977 3028 1162 3098 absorptum3
1181 3022 1274 3077 Oderi.

45 3098 171 3167 Utique,
191 3104 220 3152 et
238 3095 341 3150 deindo
359 3098 393 3150 ab
412 3097 479 3150 aliis
497 3098 573 3152 male
591 3100 735 3154 insertum
752 3105 797 3153 ut.
810 3129 843 3141 -
873 3099 968 3152 crinio
983 3103 1177 3168 prae-ruptum,
1194 3113 1223 3147 v.
1239 3093 1275 3149 ad

45 3171 172 3235 5,3,1.
206 3174 390 3236 praeruptum
407 3167 486 3222 MSS.
506 3168 587 3228 Flor.
605 3173 669 3226 Vat.
697 3169 779 3223 Corb.
798 3170 880 3224 Harl.
901 3171 983 3227 Bodl.
1008 3170 1063 3224 les.
1082 3169 1153 3224 Bud.
1175 3166 1274 3224 Guell.

46 3261 64 3294 a
82 3257 124 3291 m.
144 3257 190 3309 pr.
210 3247 240 3292 et
257 3238 318 3294 edd.
339 3240 417 3312 lips.
436 3237 516 3293 Pich.
537 3260 599 3312 sqq.
636 3247 792 3312 promptum
810 3241 887 3296 MSS.
915 3243 986 3319 lieg.
1006 3239 1103 3298 Guelf.
1123 3259 1139 3294 a
1156 3257 1195 3292 m.
1215 3238 1293 3292 seo.'

47 3311 136 3386 Harl,
157 3311 189 3364 in
208 3327 299 3386 marg.
320 3319 349 3365 et
368 3311 430 3365 edd.
449 3321 509 3365 vet.
528 3321 596 3366 ante
613 3313 694 3384 Lips.
731 3313 816 3380 „Hoc
841 3323 940 3368 natum
965 3331 1000 3366 ex
1017 3314 1166 3382 piruptum,
1198 3309 1275 3379 quod
1353 3327 1358 3332 ·

47 3398 151 3453 comp.
177 3383 320 3452 scriptum
347 3391 391 3436 est
414 3383 446 3434 in
470 3381 526 3436 MS.
553 3383 633 3437 Flor.
659 3392 734 3439 teste
759 3385 858 3440 Vict.“
888 3381 995 3442 Watrt.
1016 3416 1049 3428 -
1092 3399 1172 3456 quem
1194 3381 1276 3437 nooie

48 3455 137 3508 reduc
155 3458 324 3521 ostentaret,
350 3469 379 3508 r.
397 3453 434 3508 ad
451 3457 478 3522 1,
496 3457 524 3522 3,
543 3457 569 3514 t.
588 3463 618 3510 et
634 3459 663 3523 2,
681 3457 726 3524 78,
745 3461 771 3514 1.

494 3595 686 3653 CAPUT
730 3599 835 3657 vltl.

135 3702 250 3784 Ipsum
267 3700 402 3766 =dehinc
436 3701 586 3768 Silanum
603 3708 780 3788 increpuit
811 3705 931 3772 iisdem
962 3708 1082 3790 quibus
1114 3715 1296 3791 patruum

48 3788 126 3850 eius
148 3785 369 3870 Torquatum,
396 3795 553 3871 tanquam
581 3787 615 3851 di
656 3799 775 3853 oneret
800 3792 867 3852 iam
898 3793 1032 3873 imperii
1053 3811 1150 3854 cures
1179 3803 1274 3874 prae·-

48 3871 236 3950 iiccretquo
267 3871 468 3934 rationibus
486 3880 520 3932 et
557 3872 676 3935 libelis
712 3881 746 3935 et
774 3875 922 3956 epistolis
957 3875 1119 3949 libertos3
1160 3875 1273 3935 inania

48 3953 154 4014 simul
176 3959 211 4014 et
231 3953 331 4014 falsa:
365 3973 442 4015 nam
463 3952 595 4018 Silanus
615 3957 780 4019 intentior
805 3967 953 4020 metuet
974 3959 1075 4018 exitio
1097 3959 1210 4039 patrui
1232 3953 1275 4018 ad

48 4033 321 4120 praecavendum
343 4039 526 4100 exterritus
548 4049 631 4103 erat.
673 4039 807 4104 luducit
833 4039 969 4124 posthac
996 4039 1172 4103 vocabulo·
1186 4038 1275 4102 indi-

47 4139 143 4194 cum,
176 4119 234 4202 qui
255 4121 291 4197 in
310 4119 474 4206 Lepidam
497 4119 603 4184 Cassii
623 4142 775 4202 uxorem,
801 4122 907 4188 Silani
927 4126 1075 4202 amitam,
1110 4126 1274 4186 incestum
1311 4169 1314 4181 .

49 4221 132 4264 cum
153 4203 271 4264 fratris
290 4201 363 4266 filio
385 4210 419 4266 et
439 4203 533 4268 diros
553 4225 728 4269 sacrorum
753 4209 840 4270 ritus
868 4209 1103 4295 contingerent
1145 4205 1273 4268 Trahe-
1390 4270 1393 4276 .

50 4286 182 4348 bantur
215 4289 265 4348 ut'
280 4288 407 4350 conscii
435 4287 609 4354 Vulcatius
641 4287 798 4354 Tullinus
825 4309 864 4356 ac
889 4289 1069 4355 Marcellus
1098 4287 1275 4354 cornelius
