2872 4786
169 241 235 312 tto
550 235 795 308 ANNALIUM
814 241 899 308 1111.
921 237 1018 308 xvl.

171 409 297 476 meins,
312 425 344 466 r.
363 407 399 464 ui
416 423 478 484 cap.
496 410 541 469 21.
560 423 589 466 n.
609 409 646 466 2..
665 433 699 448 -
725 405 758 463 ir
782 414 847 462 octo
870 405 932 463 dici
956 405 1083 478 Augusti
1109 412 1137 461 et
1162 405 1225 462 diri
1242 405 1320 462 iulii
1338 423 1392 462 ros

172 483 283 548 imre,
310 483 350 534 ci.
374 490 442 536 nota
462 485 486 538 1.
511 479 546 534 sd
566 482 636 547 1,1,
662 483 689 536 3.
715 489 745 534 et
762 484 806 546 13,
828 483 871 546 11,
893 485 917 536 1.
946 511 980 524 -
1005 479 1123 548 Spernit
1151 479 1311 550 religiones
1335 481 1390 535 MS.

123 591 127 600 ·
172 553 271 609 Gueli.
291 552 355 607 eii.
374 553 437 610 eut.
457 559 482 608 1.
499 554 519 608 2
537 569 598 622 sqq.
635 551 752 619 Spernit
770 551 898 619 legiones
916 549 993 605 MSS.
1014 549 1095 604 Flor.
1114 550 1184 628 Reg.
1211 551 1297 607 corb.
1319 551 1392 605 Bnd.

173 624 245 702 Agr.
273 624 319 678 ed.
345 621 423 697 Spir.
456 653 488 668 -
516 623 630 676 Dierna
651 622 751 691 popuii
773 622 892 676 Romam
907 637 959 692 per
975 622 1150 691 provincius,
1176 637 1230 689 per
1247 623 1392 676 exercitus

173 695 307 752 curatius
329 696 473 764 teguntur,
503 711 532 750 r.
562 693 597 748 ad
614 697 687 760 3,3,
713 699 737 751 l.
774 695 903 747 curatius
926 693 981 748 MS·
1000 693 1082 748 Flor.
1102 693 1190 758 (teste
1207 695 1297 760 Vict.)
1327 693 1389 748 edd.

173 769 252 839 Lips.
273 783 334 838 sqq.
359 767 402 820 cf.
422 766 457 819 sd
475 767 502 830 2,
520 767 567 830 27,
587 769 611 820 1.
638 765 780 818 carutium
797 763 853 821 MS.
873 765 945 840 Reg.
965 763 1009 818 ed.
1029 765 1107 835 spir.
1133 765 1297 818 curantium
1310 763 1387 820 MSS.

173 839 262 895 Coris.
282 838 355 893 Bud.
383 837 546 890 accuratim
569 835 647 892 1188.
672 836 754 893 Harh
779 836 862 890 Bodl.
886 835 940 891 les.
965 836 1064 891 Gueli.
1090 836 1152 890 edd.
1178 834 1239 892 Put.
1262 841 1286 892 1.
1305 839 1333 892 2.
1362 843 1391 889 et

175 917 231 965 cet.
251 917 318 964 snte
335 911 413 980 Lips.
434 906 511 978 qnod
529 907 673 982 glossema
692 915 742 962 est.
764 934 797 946 -
814 914 846 959 ut
863 913 1005 971 noscatur,
1032 906 1103 978 quid
1122 904 1249 960 Tiroeeo
1275 923 1332 960 ror
1350 909 1390 972 fe·

175 981 258 1046 cerii,
277 997 367 1050 quum
384 988 482 1034 tamen
501 979 633 1034 iacienda
651 985 757 1043 essent,
785 980 855 1052 quid
874 979 1008 1033 omiserit
1024 980 1121 1033 iacere
1139 977 1268 1050 quidque
1279 993 1390 1052 ³perpe·

177 1069 240 1107 ram
258 1053 372 1107 iecerit.
410 1049 494 1116 „Qua
513 1049 545 1102 in
563 1066 597 1103 re
616 1049 758 1119 Principi‚
778 1051 890 1104 senatui
909 1048 1092 1114 restiterit“;
1110 1049 1189 1102 Brot.

247 1126 274 1179 4.
293 1123 351 1176 Aut
371 1129 545 1174 transeamus
562 1121 601 1172 od
618 1121 671 1173 itte
688 1119 824 1174 instituta
844 1129 937 1176 sectae
954 1118 1207 1192 philosophorum,
1234 1119 1388 1191 inprimis

178 1193 300 1260 Stoicae,
321 1193 425 1264 quibus
443 1194 523 1245 iavet
540 1190 677 1248 Thrasea.
704 1191 749 1248 Gi.
769 1192 805 1246 sd
823 1209 885 1264 cap.
903 1191 947 1246 21.
974 1209 1003 1244 n.
1023 1195 1048 1247 1.
1073 1197 1104 1244 ot
1129 1197 1309 1245 trosseomsrs
1334 1189 1388 1244 MS.

177 1265 275 1320 Gueli.
304 1270 354 1316 out
379 1271 557 1316 truueeomur
580 1263 633 1315 itta
651 1264 718 1316 inst.
747 1263 790 1318 ed.
811 1262 888 1334 Spir·
911 1261 942 1315 in
961 1261 1015 1316 iilo
1033 1259 1090 1315 118.
1171 1302 1178 1316 .
1217 1293 1250 1306 -
1278 1263 1338 1315 etur
1362 1269 1388 1314 et

176 1331 1102 1463 11113”“.1ἓῑ··..ῑ..”1”.ιῑὲῑὲ“111311.1511111*
1120 1332 1389 1458 fictitii

249 1423 382 1548 1·ηὲἳῖ
406 1476 441 1530 ‹10
469 1475 574 1530 stoicis
598 1477 681 1530 unu·
705 1477 771 1529 sevi
794 1477 830 1530 aa
849 1480 892 1540 lt,
911 1478 955 1541 5⁷,
974 1478 1000 1532 a.
1023 1448 1061 1529 'aa
1079 1448 1148 1559 igr.
1167 1479 1195 1532 4.
1214 1494 1244 1528 n.
1263 1479 1290 1533 e.
1316 1421 1345 1529 {t
1363 1479 1388 1532 s.

174 1497 233 1606 1111)
251 1551 296 1615 ii,
316 1551 358 1606 12
395 1549 427 1616 Q.
446 1546 546 1602 Aelius
567 1546 675 1601 Tubero
694 1545 819 1616 Stoicus,
838 1549 886 1602 cui
904 1545 1065 1601 avunculus
1083 1549 1142 1600 fust
1160 1547 1260 1618 Scipio
1277 1547 1390 1601 Αἰτίοι-

177 1639 242 1676 nus.
269 1625 303 1674 ν.
319 1619 381 1674 Cic.
406 1621 487 1674 Brut.
508 1637 533 1674 c.
552 1621 596 1676 ³1.
623 1637 655 1690 p·
674 1620 749 1672 Mur.
776 1635 800 1670 c.
818 1620 863 1676 36.
888 1633 931 1672 or.
950 1621 978 1682 3,
996 1621 1039 1673 21.
1065 1617 1289 1684 11111113.
1317 1615 1389 1673 elin.

151 1753 156 1764 ¹
176 1697 223 1760 33,
243 1697 286 1748 11.
304 1692 399 1746 Valer.
419 1694 491 1744 Max.
511 1693 538 1756 1,
557 1695 582 1746 4-
602 1693 629 1757 7,
647 1691 675 1754 ὅ,
696 1694 718 1744 1.
740 1689 815 1745 Gell.
835 1694 862 1756 1,
881 1691 924 1746 22.
945 1688 1019 1742 Plut.
1039 1688 1154 1742 Lucull.
1174 1705 1200 1743 o.
1220 1687 1391 1746 3311111-

177 1763 287 1830 uonius,
306 1762 410 1818 Catoni
428 1761 533 1816 similis
551 1769 581 1816 et
597 1761 765 1824 familiaris,
784 1761 820 1816 de
838 1777 896 1831 quo
914 1778 943 1814 r.
962 1759 1024 1814 cic.
1043 1777 1072 1831 p.
1092 1759 1151 1812 Mil.
1170 1765 1197 1818 9.
1216 1761 1259 1818 li.
1278 1760 1315 1814 ad
1331 1760 1390 1812 Au.

177 1842 206 1902 1,
226 1838 268 1892 lt.
287 1838 315 1900 2,
334 1839 359 1890 1.
378 1835 413 1888 ad
431 1834 490 1886 div.
509 1835 629 1899 8,3.11.
649 1829 728 1888 Suet.
747 1831 807 1886 Oct.
827 1849 852 1885 c.
870 1833 911 1888 13.
930 1829 986 1885 Dio
995 1833 1040 1898 38,
1051 1835 1078 1884 ’1.
1091 1834 1137 1897 47,
1152 1835 1195 1890 to.
1214 1831 1290 1888 Plut.
1309 1829 1391 1884 Brut.

178 1923 203 1961 c.
216 1909 261 1964 34.
280 1905 343 1962 Vol.
356 1905 427 1958 Max.
441 1907 469 1970 2,
485 1907 527 1967 13,
538 1905 564 1960 3.
583 1903 788 1958 antoniacus.
797 1903 894 1958 Gueli.
905 1901 948 1957 etl.
958 1901 1037 1975 spir.
1057 1901 1102 1959 Gi.
1116 1901 1151 1956 ad
1161 1907 1243 1968 lbi,
1258 1907 1283 1958 1.
1304 1929 1336 1942 -
1348 1919 1392 1956 oe-

179 1979 238 2034 ters'
254 1992 359 2046 quoque
370 1976 415 2029 rei
426 1976 566 2043 publicae,
584 1993 612 2027 r.
631 1975 666 2028 sd
680 1982 704 2040 1,
725 1979 751 2040 1,
769 1977 794 2031 3.
817 2005 849 2018 -
866 1974 1027 2027 libertatem
1042 1977 1218 2042 proesmnt,
1238 1982 1392 2038 ostentant,

180 2053 243 2110 eius
262 2048 390 2102 studium
409 2049 529 2110 iactant,
548 2047 619 2110 sire,
640 2046 664 2098 si
682 2045 784 2112 maris,
802 2045 928 2116 imperio
947 2044 1101 2098 meliorem
1116 2045 1235 2112 ‹licunt3
1254 2045 1325 2098 Era.
1346 2045 1391 2100 Cf.

136 2177 143 2190 ,
179 2121 216 2176 ai
232 2122 260 2184 2,
278 2122 315 2176 63
332 2127 407 2172 extr.
423 2119 572 2186 preferant
590 2115 646 2174 MS.
664 2115 763 2170 Guelt.
783 2117 943 2170 libertatem
957 2117 1140 2184 praeterunt:
1159 2117 1188 2170 si
1202 2117 1391 2186 perverterint

179 2192 232 2260 (sc.
252 2189 435 2260 imperium),
452 2189 611 2242 libertatem
629 2188 722 2256 iprum
738 2188 943 2256 aggredientur
961 2185 1038 2241 MSS.
1049 2187 1129 2241 Flor.
1143 2187 1229 2242 Cori.
1243 2186 1314 2241 Bud.
1330 2187 1392 2242 edi.

178 2260 259 2316 Pich.
280 2277 341 2330 sqq.
360 2260 419 2312 nisi
438 2258 516 2329 quod
533 2259 718 2328 egredientur
737 2260 832 2312 estin
850 2259 907 2313 Ms.
927 2258 997 2312 Boi.
1023 2259 1117 2314 Verba
1134 2259 1297 2312 libertatem
1310 2275 1393 2327 prue-

99 2391 105 2412 =
179 2335 296 2402 imnis.
308 2330 337 2383 ri
352 2331 541 2399 perverterint
559 2329 701 2384 omittunt
719 2327 776 2382 MS.
795 2327 867 2406 Reg.
888 2329 932 2384 eil.
952 2328 1029 2400 Spir.
1050 2338 1081 2385 et
1103 2328 1208 2386 deinde
1235 2329 1394 2384 iiiertutem

179 2413 246 2460 ante
264 2403 355 2471 iprum
372 2399 449 2454 MSS.
467 2401 549 2457 Harl.
568 2399 648 2454 Bodl.
668 2401 724 2453 las.
744 2401 844 2456 Gueli.
865 2401 927 2458 adi.
947 2401 1011 2455 Put.
1024 2405 1049 2458 1.
1065 2404 1091 2457 2.
1111 2409 1141 2456 et
1159 2407 1215 2455 cet.
1235 2409 1303 2456 unte
1313 2399 1393 2454 Pich.

181 2476 273 2530 Gaura
291 2473 478 2544 inpromptu
502 2481 555 2536 est,
579 2487 633 2526 cur
657 2471 728 2524 talia
746 2472 923 2538 exciderint3
946 2473 1016 2528 Ero.
1054 2499 1088 2512 -
1115 2473 1237 2527 Frustra
1263 2473 1395 2526 casum

180 2543 325 2610 amovisti,
345 2561 372 2598 r.
392 2561 453 2614 cup.
473 2547 498 2599 t.
518 2547 544 2600 8.
564 2545 590 2600 9.
609 2542 762 2596 admovisti
780 2542 836 2600 MS.
856 2543 937 2598 Flor.
956 2551 1030 2598 teste
1042 2543 1142 2597 Fnria.
1161 2544 1337 2598 admonuisti
1349 2541 1394 2596 ei.

181 2618 258 2690 spir.
279 2647 313 2660 «-
330 2615 483 2670 Brutorum
501 2613 633 2678 aemulor,
651 2611 809 2668 Thraseam
828 2623 857 2668 et
875 2613 1027 2679 Soranum,
1046 2615 1156 2669 similes
1171 2615 1263 2669 Bruto
1283 2624 1314 2669 et
1328 2613 1395 2668 Cas·

180 2693 234 2754 sio,
252 2687 367 2741 ultimis
385 2687 530 2741 Romanae
544 2685 689 2740 libertatis
708 2685 880 2742 vindicibus.
902 2713 933 2724 -
944 2687 1072 2756 Denique
1089 2685 1163 2738 sitii
1180 2686 1243 2754 ipse
1254 2687 1290 2740 de
1307 2683 1395 2740 Tiro·

149 2797 155 2808 ·
180 2777 230 2818 seo
247 2761 366 2830 eiusque
384 2757 569 2812 dammtiono
586 2755 740 2825 scripserit
757 2757 793 2812 sd
811 2765 957 2812 renatum:
977 2757 1028 2828 qui
1046 2757 1215 2829 Principum
1235 2774 1301 2812 mos
1314 2775 1396 2828 saepe

180 2837 369 2889 memoratur.
391 2859 424 2872 -
442 2828 667 2896 disceptatorem:
687 2827 719 2880 in
730 2826 787 2882 MS.
807 2827 879 2905 Reg.
896 2830 1107 2883 decertatorem.
1130 2860 1160 2872 -
1171 2829 1218 2882 iro
1231 2835 1396 2898 promptum,

181 2907 220 2960 ei.
238 2902 300 2956 lnd.
319 2901 357 2956 11.
377 2918 405 2953 r.
423 2899 577 2968 Promptus.
597 2899 632 2950 ln
648 2895 706 2951 MS.
788 2937 795 2952 .
814 2900 877 2952 irae
892 2907 1059 2968 promptum,
1077 2898 1154 2972 quod
1171 2899 1300 2954 malebat
1308 2900 1397 2954 Hein-

182 2975 252 3030 sins.
272 3005 304 3018 -
324 2971 491 3026 Marcellum
509 2971 636 3038 Epriuue,
654 2988 682 3024 v.
702 2971 747 3042 ln¹
785 2971 807 3026 1.
830 2979 859 3026 et
877 2971 912 3026 ai
929 2975 957 3039 3,
976 2974 1021 3036 ⁷⁵,
1039 2976 1065 3028 1.
1094 3002 1127 3014 -
1146 2970 1209 3025 ocri
1227 2971 1397 3042 eloquentia,

182 3047 226 3101 ct:
241 3042 304 3103 ind.
324 3042 377 3098 111.
395 3055 425 3101 r.
442 3040 573 3098 Actaeus·
591 3041 746 3112 qualitatit.

608 3197 632 3252 G
650 3196 676 3250 Α
693 3195 714 3248 Ρ
732 3195 759 3249 U
776 3193 802 3248 'l'
838 3195 976 3252 xxm.

218 3329 227 3340 ·
265 3307 310 3370 At
330 3307 468 3370 Baream
490 3276 655 3368 Soranum
675 3305 742 3367 iam
764 3303 828 3365 eibi
850 3301 1005 3369 Ostorius
1027 3303 1170 3368 Sabinus
1196 3303 1305 3388 Eques
1333 3305 1396 3366 Ro·

61 3412 64 3423 ·
141 3379 144 3386 ²
182 3409 299 3458 manus
312 3397 511 3473 poposcerat
522 3408 618 3450 reum
633 3409 673 3451 ex
685 3385 923 3470 proconsulatu
938 3389 1047 3466 Asiae,
1068 3391 1104 3451 in
1123 3389 1397 3472 quaoffeneiones

184 3475 350 3553 Principis
371 3475 464 3536 auxit
492 3473 620 3532 iustitia
642 3479 739 3554 atque
767 3467 933 3532 industria
954 3481 988 3536 et
1008 3473 1084 3555 quia
1103 3473 1219 3553 portui
1240 3471 1397 3554 Ephesio·

185 3575 261 3620 rum
289 3553 469 3638 aperiendo
497 3572 613 3615 curam
641 3555 863 3634 insumpserat
889 3556 1025 3636 vimque
1051 3556 1198 3616 civitatis
1220 3553 1394 3638 Pergame-

185 3658 257 3713 nae,
279 3638 486 3721 prohibentis
508 3636 667 3698 Acratum
690 3633 840 3697 Caesaris
861 3637 1020 3700 libertum
1040 3645 1165 3700 statuas
1193 3644 1229 3699 et
1249 3637 1395 3721 picturas

185 3721 339 3798 avehere,
359 3719 500 3782 inultam
523 3720 690 3782 omiserat.
725 3715 790 3780 Sed
812 3721 946 3782 crimini
966 3718 1108 3783 dabatur
1129 3721 1277 3782 amicitia
1290 3719 1397 3780 Plauti

186 3813 221 3868 ot
246 3803 384 3866 ambitio
419 3799 644 3864 conciliandae
675 3803 870 3885 provinciae
902 3801 945 3865 ad
979 3822 1053 3885 spes
1089 3822 1201 3867 novas.
1251 3801 1395 3882 Tempus

186 3885 392 3949 damnationi
412 3881 588 3960 delectum,
611 3905 675 3968 quo
697 3882 866 3947 Tiridates
886 3884 1081 3968 accipiendo
1092 3886 1272 3948 Armeniae
1293 3903 1395 3971 regno

162 3979 165 3988 ’
186 3967 396 4048 adventabat,
418 3973 457 4030 u't
477 3963 519 4027 ad
540 3975 677 4028 externa
697 3969 891 4032 rumoribus
920 3969 1117 4031 intestinum
1143 3968 1250 4029 scelus
1280 3967 1396 4030 obscu-

155 4047 162 4059 '
187 4059 333 4128 raretur,
354 4069 397 4110 an
417 4057 455 4112 ut
475 4048 737 4136 magnitudinem
758 4052 1008 4132 imperatoriam
1024 4051 1124 4118 caedo
1144 4051 1328 4138 insignium
1349 4052 1395 4112 vi·

187 4153 303 4196 rorum
326 4135 419 4215 quasi
440 4133 534 4220 regio
556 4133 703 4196 facinore
725 4139 918 4196 ostentaret.

257 4249 291 4307 1.’
302 4251 427 4302 Boream
443 4249 589 4316 Sororem,
607 4269 636 4306 v.
656 4249 692 4304 sd
709 4268 735 4304 c.
754 4239 797 4307 21.
817 4267 846 4304 n.
867 4255 892 4309 1.
920 4281 951 4295 -
979 4251 1038 4306 iom
1055 4249 1119 4306 eiii.
1131 4249 1262 4306 Ortorirt
1279 4247 1395 4306 Sabinus

188 4319 249 4376 eii.
270 4321 348 4389 lips.
369 4339 428 4392 sqq.
448 4323 516 4393 quis
534 4324 567 4378 in
584 4322 717 4386 omnibus
738 4323 822 4378 tibris
840 4321 912 4396 cup.¹
923 4325 960 4382 33
978 4333 1052 4378 extr.
1080 4330 1123 4378 est
1141 4321 1255 4378 Ostorio
1280 4330 1395 4394 praeter
