2840 4802
190 217 254 285 266
562 213 808 282 ANNALIUM
834 215 919 283 Lm.
939 213 1033 282 xiv.

191 383 331 440 nicaen·
348 366 500 462 donin
523 382 555 440 n
578 381 723 440 remon
745 399 771 442 e.
790 385 835 440 n.
853 399 893 510 p.
913 380 996 442 nsit
1021 383 1105 438 one.
1141 387 1218 438 nea
1233 383 1312 440 nnn
1327 401 1385 446 nn

190 457 319 524 intes-ter
345 454 425 511 MSS.
450 457 532 512 illoc.
556 455 627 533 lleg.
653 455 739 512 (lorii.
765 454 829 512 edd.
875 455 934 526 pir.
958 453 1052 514 141144.
1069 456 1097 511 2
1114 457 1141 512 A
1160 454 1225 510 Ali.
1243 456 1316 515 l’icln
1332 478 1383 532 sqq.

191 535 293 582 oeetnn
310 528 397 582 nitius
413 543 483 584 ssns
498 527 638 596 inferunt,
652 525 730 584 1188.
754 526 837 584 Bodl·
865 527 922 584 les.
949 526 1020 584 Bud.
1046 525 1146 583 oseis.
1170 523 1233 583 edd.
1251 527 1309 588 ret.
1326 535 1348 588 1.
1363 535 1383 590 2

191 598 256 657 Ber.
275 597 367 656 lihen.
387 603 413 657 1.
440 601 518 673 lips.
539 597 625 656 Grut.
1386 641 1387 644 ,

653 741 848 800 corut·
890 741 949 798 Vl.

272 850 347 916 Illic
368 858 540 936 reputans,
574 847 650 915 ideo
671 871 707 916 so
732 852 905 918 fallacibus
934 850 1045 914 literis
1065 850 1206 914 accitam
1225 859 1258 916 ct
1277 851 1383 920 honoro

192 935 372 1018 praecipuo
392 934 554 1013 habitam,
593 935 745 1020 quodque
776 937 858 1002 litus
885 937 977 998 iuxta
1005 952 1073 997 ncn
1092 935 1202 998 sentis
1222 943 1301 1009 acta,
1330 958 1383 1002 non

190 1019 279 1080 saxis
300 1019 442 1102 impolis
463 1021 557 1082 nevis
579 1037 707 1084 summa
728 1021 782 1082 sui
801 1027 899 1104 parte
925 1017 1034 1082 veluti
1060 1024 1222 1082 terrestre
1241 1021 1383 1084 machion·

191 1109 341 1166 mentum
362 1098 571 1178 concidisset,
598 1101 781 1166 observans
802 1103 905 1168 etiem
924 1100 1133 1165 Acerroniae
1154 1119 1274 1184 necem,
1304 1106 1383 1168 simul

191 1203 288 1250 suum
308 1187 429 1251 vulnus
450 1188 626 1270 aspiciens,
647 1186 756 1250 solum
775 1184 976 1250 insidiarum
997 1183 1181 1248 remedium
1199 1203 1276 1265 esse,
1294 1189 1319 1249 si
1331 1207 1383 1250 non

190 1269 477 1357 intelligerentur,
499 1271 656 1355 misitque
677 1269 835 1334 libertum
849 1270 1047 1358 Agerinum,
1068 1269 1126 1351 qni
1138 1271 1301 1334 nuntiaret
1317 1271 1382 1354 ilio,

191 1351 394 1438 benignitate
414 1355 503 1420 deun
523 1364 555 1418 et
574 1354 712 1439 fortsnso
742 1357 812 1420 eins
832 1356 972 1420 evasisse
997 1371 1128 1436 gronam
1150 1372 1263 1420 omn:
1298 1376 1382 1438 orere,

190 1446 228 1500 nt
255 1441 398 1522 quanvis
422 1438 568 1522 periculo
598 1440 713 1504 matris
745 1441 922 1522 exterritus
950 1437 1074 1502 visendi
1104 1456 1208 1502 curan
1234 1438 1382 1520 differret:

190 1521 256 1586 ss'di
278 1524 323 1586 od
340 1543 494 1606 praesens
512 1526 619 1606 quiete
639 1542 729 1604 opus.
771 1522 880 1607 Atque
900 1523 1038 1586 interim
1055 1523 1235 1588 securitate
1253 1525 1382 1588 aimulatn

190 1605 408 1671 medicamine
428 1607 564 1672 vulneri
593 1613 628 1670 et
653 1609 801 1670 fomente
827 1609 965 1689 corpori
992 1601 1148 1669 adhibete
1178 1613 1383 1678 testamentum

189 1691 397 1753 Acerroniae
422 1691 552 1774 requiri
580 1689 733 1776 bonequs
761 1690 935 1778 obsignari
962 1687 1068 1754 iubet.
1119 1686 1159 1752 ld
1186 1695 1307 1754 nutum
1330 1711 1380 1756 non

189 1791 252 1855 per
273 1773 529 1838 simulationem.

259 1878 287 1930 1.
306 1871 375 1928 illst
392 1880 529 1944 reputans
547 1906 581 1919 -
601 1872 744 1944 aspiciens
767 1873 856 1930 scissi
873 1871 1051 1934 insidiarum
1077 1871 1226 1929 sensilium
1242 1889 1297 1929 esse
1315 1876 1379 1943 „soil

189 1940 276 2011 dizit,
310 1945 461 2016 cogitavit,
486 1945 647 2001 intellexits
681 1946 778 2017 qtmlia
795 1945 875 2001 haud
897 1961 966 2000 raro
984 1943 1174 2012 omittuntur,
1196 1953 1229 1999 ut
1245 1951 1269 2013 1,
1284 1949 1322 2004 tn
1343 1963 1380 2002 net

189 2013 277 2070 aliter
291 2033 376 2086 posse
391 2017 508 2087 placari
524 2017 737 2072 commilitonum
753 2033 862 2084 menes,
890 2018 935 2084 lt,
952 2019 980 2075 ὅ.
1012 2014 1071 2070 ridi
1096 2015 1262 2072 indeoillnm
1277 2019 1379 2088 equitas,

186 2086 287 2156 patuli
304 2087 443 2158 inopium,
467 2089 505 2142 11.
524 2091 552 2154 5,
569 2091 614 2148 2⁰.
634 2105 684 2142 nec
701 2089 797 2144 omnio
817 2087 957 2159 patrandi
974 2087 1090 2156 fidncia,
1110 2087 1160 2143 sed
1176 2087 1257 2142 nnita
1273 2089 1340 2143 nnsis
1354 2122 1378 2134 -

187 2159 331 2226 fortunam
349 2161 462 2228 affore,
482 2158 531 2213 obi
543 2178 559 2214 e
572 2160 662 2214 verbo
673 2177 771 2231 praec.
790 2159 896 2227 fidncia
907 2159 983 2216 intel
999 2159 1006 2174 ‘
1031 2197 1038 2214 .
1059 2161 1181 2228 confisus
1198 2165 1237 2213 est
1250 2161 1294 2215 vel
1304 2161 1378 2216 simila

189 2228 269 2298 quid.
306 2229 350 2286 Ite
365 2231 513 2296 ‚meantum
531 2231 611 2285 rolin
653 2230 760 2286 endum
776 2233 921 2303 misitque,
940 2245 997 2302 quc
1036 2237 1080 2287 est
1099 2231 1132 2285 in
1149 2229 1227 2286 MSS.
1240 2229 1311 2286 Flor.
1325 2231 1378 2308 lleg.

137 2355 140 2360 ,
188 2297 273 2353 llari.
292 2299 374 2355 Bodl.
394 2301 449 2359 les.
468 2301 538 2356 Bud·
564 2303 627 2357 Gne
657 2345 664 2359 .
689 2302 754 2357 edd.
779 2300 855 2375 Spir.
885 2302 947 2360 Pnt.
966 2307 994 2359 1.
1017 2306 1045 2359 l.
1069 2301 1137 2358 Ber.
1154 2299 1242 2358 lihen.
1260 2307 1283 2358 l.
1304 2310 1329 2356 et
1343 2304 1378 2356 oui

187 2371 271 2424 misit
286 2373 501 2428 substituerunt
525 2371 590 2431 edd.
613 2372 707 2428 141144.
725 2377 754 2430 2·
772 2376 800 2432 t·
825 2381 854 2430 et
878 2380 988 2430 estut
1012 2374 1104 2430 verbs
1128 2372 1216 2429 solnm
1239 2371 1378 2430 insidiosos

188 2442 340 2498 scandice
362 2460 422 2499 esse
444 2443 592 2516 pendeant
616 2462 633 2500 e
657 2451 805 2514 reputans,
835 2446 913 2516 qnod
930 2452 1029 2500 tamen
1051 2445 1241 2530 participium
1258 2446 1377 2568 excipiunt

188 2512 257 2581 slis,
276 2515 440 2582 observans,
459 2515 611 2602 aspiciens,
629 2532 685 2588 per
702 2533 776 2586 quas
792 2517 903 2602 pripris
920 2516 1072 2600 psrtioipsi
1096 2518 1183 2602 rslor
1204 2517 1244 2570 its
1265 2517 1310 2572 abo
1321 2524 1377 2599 etur,

188 2587 854 2734 :ttttztiaitntititnlt'tlf
877 2587 1378 2740 ‘l‘ssttttttttttltt

124 2731 127 2741 '
185 2729 309 2796 pntaos't.
346 2726 403 2784 Sed
421 2737 526 2784 neutro
543 2731 621 2785 ratio
645 2729 823 2802 probanda.“
889 2728 959 2784 atii.
996 2731 1091 2786 Verba
1117 2731 1191 2788 ds’rs‘t
1214 2737 1242 2786 st
1267 2732 1376 2800 cogitent

188 2798 660 2940 tntznnnznlnn
675 2808 715 2924 i.
729 2801 948 2929 iiiiii
961 2800 1265 2943 Bittidlnlni
1279 2802 1310 2928 'i
1324 2801 1377 2942 ti·

188 2941 216 2996 4.
236 2971 267 2984 -
304 2941 457 3008 {elladius
475 2941 570 2997 literis
593 2942 715 2996 accitam
737 2943 819 2999 Baias
848 2949 877 3000 et
899 2941 1006 2999 ionors
1029 2947 1184 3016 praecipuo
1207 2944 1325 3010 tunsos,
1348 2944 1375 2996 ui.

189 3027 251 3082 cap.
270 3015 298 3068 4.
317 3014 412 3083 princ.
433 3021 463 3068 α
480 3030 540 3070 non
559 3014 646 3090 longe
664 3030 681 3066 s
697 3014 766 3068 fine.
786 3041 819 3054 -
856 3014 928 3070 litus
945 3015 1039 3084 tuate,
1059 3019 1100 3074 cl.
1120 3016 1184 3072 lnd.
1203 3016 1254 3071 111.
1270 3035 1295 3075 v.
1310 3015 1377 3070 nne·

185 3082 345 3150 positiones
362 3099 410 3140 nr.
429 3089 454 3141 1.
474 3114 508 3130 --
545 3085 647 3139 oninns
665 3085 823 3154 aspiciens:
851 3087 884 3140 in
902 3087 946 3143 ed.
965 3085 1044 3158 spir.
1069 3107 1095 3144 v.
1113 3089 1269 3160 inspiciens.
1288 3119 1315 3130 -
1343 3101 1376 3138 tt·

190 3153 297 3223 nsque
321 3171 377 3226 pro
403 3156 491 3210 solens
515 3156 591 3211 coni.
614 3155 707 3212 Boett.
729 3188 763 3201 -
799 3157 828 3211 ss'
851 3173 908 3212 non
932 3157 1176 3229 intelligerentur,
1202 3158 1227 3216 si
1244 3157 1376 3220 simularet,

190 3239 238 3278 sss
257 3242 274 3278 s
292 3242 323 3281 so
340 3243 400 3280 non
419 3226 596 3285 intellectas.
616 3255 649 3267 -
684 3229 802 3295 fortuna
820 3226 892 3296 eins,
915 3228 984 3296 olii,
1008 3231 1136 3288 evasisse
1153 3231 1216 3288 scil.
1235 3245 1272 3300 te,
1292 3229 1341 3284 nisi
1354 3225 1376 3280 id

190 3295 301 3349 excidit
317 3306 386 3419 post
403 3313 440 3354 ss.
461 3297 508 3352 Cf.
528 3299 593 3356 lnd.
612 3297 666 3352 111·
686 3318 714 3353 v.
732 3299 859 3369 Eilipses
881 3316 927 3354 nr.
946 3303 991 3360 14.

259 3367 286 3424 l.
332 3369 353 3421 4
377 3374 487 3422 tantum
508 3385 565 3424 non
586 3363 640 3438 iter
665 3369 872 3426 simulationem
896 3372 961 3425 scil.
979 3373 1064 3440 lecit,
1088 3375 1159 3454 agit.
1177 3394 1204 3431 v.
1221 3373 1255 3430 sd
1269 3371 1328 3449 ngr.
1343 3371 1375 3425 n.

190 3453 219 3492 n.
238 3439 267 3493 2.
301 3438 338 3492 14
354 3445 461 3494 tantun
482 3453 535 3507 per
552 3439 616 3494 sim.
641 3438 698 3494 MS.
716 3440 786 3528 lieg.
813 3449 843 3498 et
861 3442 905 3498 etl
924 3441 1005 3516 spir.
1040 3446 1078 3500 14
1095 3454 1184 3502 tenen
1198 3463 1247 3516 psr
1262 3444 1317 3500 sins.
1331 3439 1375 3496 lli.

189 3507 287 3562 Guelt.
324 3509 417 3576 „Quas
436 3511 596 3581 scripturas
624 3513 741 3582 peperit
763 3513 931 3590 ignorantis
953 3517 1100 3573 formulas
1117 3525 1224 3574 tanim
1239 3533 1297 3582 non,
1323 3528 1376 3584 ΨΜ

190 3586 234 3634 ast
252 3579 364 3634 Graece
380 3579 472 3668 pisos
487 3579 521 3635 oi
538 3582 588 3636 rel
603 3600 637 3654 μ.
658 3577 711 3637 οὐκ,
725 3583 775 3638 sel
791 3603 823 3656 μ.
843 3581 916 3656 οὐχί,
939 3583 970 3640 Ιι.
990 3605 1015 3642 e·
1038 3589 1113 3655 iere,
1139 3605 1235 3662 paens,
1250 3597 1376 3661 propono·

189 3651 268 3704 dum.
288 3650 335 3705 Gi.
354 3652 455 3728 Vigor.
475 3653 503 3717 t,
521 3655 550 3718 9,
568 3655 596 3710 Β.
615 3651 763 3712 schum.
788 3655 825 3710 sd
841 3655 917 3710 Plin.
980 3675 1010 3712 n.
1029 3661 1076 3728 23,
1098 3665 1123 3716 Ι.
1151 3659 1239 3717 Gron.
1264 3667 1291 3714 st
1305 3653 1374 3710 an·

188 3720 225 3774 sd
242 3721 306 3778 hir.
326 3726 353 3790 4,
371 3726 397 3780 2
419 3721 545 3789 [Gr-ses.
567 3722 604 3778 stl
630 3721 708 3782 Suet.
727 3726 813 3797 Vesp.
841 3731 914 3786 nn
942 3675 1040 3786 3⁸11&
1064 3732 1101 3787 sd
1124 3731 1244 3800 Quintil.
1266 3723 1376 3796 Mi]

190 3790 342 3848 Sententia
360 3802 414 3862 ast,
434 3794 666 3871 obsignstionem
684 3796 802 3868 quidem
820 3798 939 3866 iussam,
1001 3809 1102 3858 ctenm
1128 3812 1222 3858 nmen
1246 3807 1277 3855 ut
1295 3813 1376 3870 parum

189 3881 207 3917 s
225 3864 382 3920 simulscro
400 3865 611 3941 obsignationis
629 3867 766 3922 abnuerit.
804 3867 920 3926 cunen-
933 3873 1012 3928 enlm
1030 3873 1190 3952 Agrippino
1206 3872 1307 3959 spalat,
1327 3876 1376 3922 tm·

248 3951 278 3988 m
296 3935 416 3992 insidias
435 3953 495 3992 non
513 3937 699 4016 intelligeret
716 3955 847 3996 securam
888 3958 953 3998 ess
970 3945 1111 4001 crederet
1142 3946 1186 4002 Its
1202 3953 1283 4000 stium
1298 3954 1376 3994 aarum

216 4007 367 4090 cecropiae
390 4025 493 4062 curem
516 4011 578 4085 egit
601 4011 635 4066 in
659 4010 805 4066 daitmetis
829 4029 861 4067 sn
877 4013 957 4082 Μ,
989 4024 1023 4070 nt
1045 4019 1227 4072 „carinum
1244 4013 1375 4068 ostentaret

191 4093 246 4130 nec
268 4092 424 4150 quicquam
449 4079 612 4149 omitteret,
640 4082 718 4153 quod
739 4084 880 4138 omissum
902 4089 1028 4142 terroris
1058 4105 1090 4144 se
1118 4097 1147 4144 et
1169 4089 1212 4144 rei
1235 4083 1375 4139 intellectus

192 4149 366 4204 convincere
389 4158 495 4232 posset.
533 4150 595 4206 Alii
619 4152 652 4208 id
678 4160 789 4208 tantum
811 4171 868 4210 non
891 4155 922 4209 h.
942 4158 964 4212 1.
988 4155 1051 4213 acci
1073 4162 1138 4214 iunt
1161 4176 1213 4231 pro
1234 4157 1265 4212 id
1279 4159 1375 4208 insit*-

192 4219 275 4274 modo
299 4236 365 4286 non,
392 4220 426 4274 sd
448 4237 534 4278 nunni
555 4239 619 4280 non.
657 4222 714 4279 Sed
739 4223 797 4296 hoc
823 4241 883 4281 non
906 4229 984 4286 inest
1013 4229 1062 4284 ills
1091 4227 1263 4288 iormuhs.“
1288 4217 1372 4278 itant.

194 4291 308 4356 ,Ammo
327 4297 436 4346 tantsns
451 4292 483 4346 ln.
505 4294 525 4348 l.
545 4309 600 4366 pro
618 4298 802 4352 tntstsnsnodo
817 4299 945 4370 positum
964 4301 1101 4359 existimo
1122 4319 1155 4356 sc
1170 4300 1260 4358 notari
1280 4293 1374 4350 inntit·
