2854 4788
161 202 225 274 tn
542 199 788 268 ANNALIUM
824 199 898 264 LIB
920 199 1012 266 XVI.

161 370 375 454 praeteriret.
417 367 588 448 Constitit,
610 368 787 512 plerosque
813 367 981 451 Equitum,
1015 363 1096 429 dnm
1117 384 1177 448 per
1206 365 1366 450 angustias

161 451 272 514 aditus
295 461 330 515 et
349 454 560 540 ingruentem
583 453 721 514 multitu
744 453 833 514 inem
855 454 1043 530 enituntur,
1062 449 1205 512 obtritos
1227 449 1365 522 stelias,

162 533 242 596 dum
280 533 368 596 diem
396 543 594 618 noctemque
620 533 778 597 sedilibus
815 537 1028 606 continuant,
1064 532 1181 593 morbo
1214 533 1365 593 exitiabili

162 625 355 699 correptos:
377 620 498 702 qnippe
520 619 659 708 gravior
686 619 796 680 inerat
824 625 943 694 metus,
976 613 1224 697 silspectacnlo
1254 611 1366 674 defuis·

161 709 247 779 sent,
270 701 383 764 multis
404 702 510 782 palam
542 710 575 764 et
601 701 755 783 pluribus
783 701 935 776 occultis,
963 707 1001 760 ut
1030 699 1164 760 nomina
1186 717 1225 758 sc
1251 698 1364 774 uultus,

160 784 368 846 alacritatem
390 785 627 866 tristitiamque
648 785 841 846 coeuntium
863 789 1108 846 scrutarentur.
1152 778 1248 842 Unde
1268 783 1364 841 tenni·

162 867 279 929 oribus
306 867 419 928 statim
446 868 598 952 irrogata
629 867 803 949 supplicia,
831 865 991 928 adversus
1019 865 1169 927 illustres
1191 861 1364 924 dissimula-

160 957 235 1010 tum
256 947 299 1012 ad
320 967 476 1032 praesens
498 957 531 1010 et
552 967 630 1011 mox
653 948 822 1012 redditum
844 949 969 1012 odium.
1003 947 1232 1028 Ferebentque
1253 946 1364 1026 Vespa·

161 1034 302 1110 sianum,
327 1041 482 1114 tanquam
505 1051 621 1094 somno
643 1035 850 1110 conniveret,
881 1031 1055 1094 anoebo
1088 1031 1213 1092 liberto
1235 1030 1364 1109 increpi-

160 1122 233 1176 tum
255 1133 418 1200 aegreque
439 1115 615 1177 meliorum
648 1115 804 1198 precibus
832 1115 1014 1194 obtectum,
1047 1133 1124 1176 mox
1151 1113 1364 1174 imminentem

160 1197 343 1280 perniciem
364 1200 493 1260 maiore
514 1201 583 1261 iato
606 1199 768 1285 effugisse.

233 1319 258 1371 1.
286 1313 343 1370 Seri
358 1315 415 1385 ,qui
441 1313 559 1370 renatis
580 1331 596 1370 e
620 1315 781 1386 municipiis
803 1331 981 1388 severamque
1007 1314 1099 1372 adbuc
1116 1321 1143 1370 et
1160 1313 1275 1386 untiqtoi
1289 1309 1364 1364 norit

160 1384 315 1440 retinentes
339 1387 457 1441 ltaliam
476 1419 508 1430 -
528 1387 698 1442 aduenerant
727 1387 803 1444 MSS.
828 1397 946 1460 praeter
973 1388 1036 1446 cocl.
1061 1389 1133 1464 Agr.
1165 1397 1197 1441 et
1223 1385 1283 1439 eta
1315 1391 1363 1437 ret.

161 1457 282 1510 ltaliam
300 1459 414 1529 antiqui
431 1459 532 1525 morie,
553 1461 643 1535 genit.
663 1459 740 1530 qual.
761 1459 806 1516 Oi.
826 1457 860 1514 atl
878 1464 906 1527 3,
924 1463 968 1523 52,
986 1463 1014 1516 2.
1039 1459 1200 1525 „Retinere
1217 1463 1262 1512 est
1278 1455 1362 1510 Germ.

161 1527 258 1582 noch
275 1527 408 1596 haben,
427 1539 460 1583 ut
478 1531 601 1584 retinere
618 1531 757 1597 ferocium
776 1539 805 1586 et
824 1531 898 1598 irae,
920 1537 944 1598 l,
967 1534 1007 1588 12.
1027 1531 1091 1588 45.“
1121 1527 1231 1586 Wotrt.
1267 1528 1299 1582 In
1316 1525 1362 1580 lli.

159 1600 233 1676 Agr.
252 1617 402 1672 reumaque
421 1605 447 1655 et
465 1599 556 1655 adbuc
574 1602 688 1672 antiqui
706 1603 795 1656 mosia
811 1603 954 1656 retinente
972 1603 1024 1668 (ci.
1044 1603 1080 1657 ati
1096 1603 1124 1668 2,
1142 1604 1190 1666 33,
1209 1599 1254 1668 5.)
1279 1599 1362 1660 Italics

160 1673 287 1793 quaein
304 1680 474 1746 contextum
501 1689 639 1743 recepere
657 1673 791 1730 Freinsh.
811 1675 901 1728 Gran.
920 1673 1013 1745 Ryck.
1032 1672 1105 1726 Lali.
1125 1674 1200 1725 [siin.
1237 1671 1363 1736 „liaeus

188 1743 258 1796 sciti
277 1761 362 1798 sensu
381 1743 475 1798 aliena
493 1743 569 1797 mihi
588 1743 740 1798 videntur:
767 1763 835 1798 nam
859 1761 917 1799 non
936 1745 1031 1799 omnis
1050 1743 1134 1798 ltalia
1158 1749 1233 1795 tunc
1258 1747 1315 1795 erat
1330 1755 1363 1790 se·

160 1829 179 1863 a
212 1829 231 1866 a
249 1820 278 1866 et
296 1813 408 1882 antiqui
424 1815 515 1867 moris
540 1816 673 1879 retinens,
702 1816 753 1869 sed
779 1823 886 1869 remota
910 1823 1026 1869 tantam
1052 1814 1087 1868 ab
1104 1813 1186 1869 Urbe
1210 1810 1363 1878 nunicipim

161 1829 251 1936 {litis
268 1885 406 1962 proxima
421 1887 485 1940 sius
504 1885 637 1938 marisiae
655 1895 791 1942 contactu
811 1895 894 1941 erant
911 1886 1054 1941 foedata.“
1081 1887 1167 1938 Brot.
1196 1897 1363 1956 ¹reseratoque

163 1951 271 2007 ndiaea
289 1953 346 2011 MS.
366 1957 463 2010 Gueli.
474 1957 627 2027 *amnique
645 1956 734 2012 adina
752 1990 785 2002 -
804 1958 876 2011 Itali
894 1959 969 2012 coni.
991 1956 1073 2012 llarl.
1095 1971 1190 2025 -per
1207 1955 1363 2023 longinquat

159 2025 336 2093 prouinciae,
357 2029 457 2081 exiis.
485 2026 657 2098 longinquae
675 2028 732 2086 aas,
752 2029 833 2086 Flor.
861 2029 904 2092 (in
924 2044 981 2099 quo
1000 2031 1143 2100 scriptum
1163 2029 1284 2096 lonqu'os
1298 2023 1326 2076 h.
1342 2039 1362 2076 e.

160 2096 345 2164 longinquas)
364 2097 427 2151 edd.
446 2097 525 2152 Pich.
547 2107 576 2152 et
594 2117 657 2170 sqq.
678 2109 745 2155 ante
763 2101 835 2154 Era.
873 2101 978 2168 langas
995 2099 1073 2154 MSS.
1098 2107 1153 2152 cet.
1181 2108 1212 2154 et
1230 2097 1290 2152 eda.
1314 2105 1362 2148 tan

159 2175 273 2250 veteres
292 2175 358 2222 ante
376 2167 456 2224 Picla.
477 2185 564 2240 quam
582 2171 761 2224 recentiores
781 2171 849 2226 inde
868 2173 902 2226 ab
920 2173 994 2225 Era.
1014 2188 1080 2225 nam
1100 2171 1203 2240 longus
1220 2171 1302 2224 etiam
1317 2179 1362 2236 pra

159 2239 329 2304 longinquus
346 2237 463 2301 (licitur.
493 2258 521 2292 r.
542 2238 631 2296 Dralc.
650 2241 687 2294 ad
704 2243 767 2299 Liv.
787 2245 814 2306 l,
841 2245 885 2298 18.
912 2251 942 2299 et
966 2241 1001 2296 ad
1020 2241 1073 2298 Sil.
1091 2245 1120 2309 a,
1139 2245 1203 2300 422.
1223 2245 1251 2298 l.
1267 2241 1322 2296 314.
1339 2239 1361 2299 is

160 2312 186 2365 9·
206 2312 234 2374 6,
254 2309 314 2364 623.
334 2308 434 2364 lisias.
455 2309 491 2362 ad
508 2308 590 2367 ovid.
610 2327 683 2364 rem
703 2329 758 2368 arn.
782 2329 812 2366 v.
831 2316 892 2373 525,
921 2321 950 2368 et
966 2311 1095 2367 Broukh.
1121 2312 1158 2367 aa
1176 2311 1284 2366 Tibull.
1303 2311 1362 2372 1,t,

159 2382 206 2436 18.
244 2377 324 2444 „Setl
342 2380 419 2450 apud
436 2378 570 2434 Tacitum
597 2384 710 2449 longum
733 2383 841 2455 ubique
858 2393 902 2439 est
916 2385 970 2440 -rel
987 2385 1161 2439 diuturnum
1185 2384 1221 2437 de
1237 2391 1361 2451 tempore,

161 2449 607 2518 (ut1,1.e.to.no.oo.al.)
635 2455 683 2509 vel
709 2452 759 2508 lon
841 2464 989 2511 arrectum
1016 2455 1051 2510 sle
1079 2457 1184 2526 spatio,
1214 2455 1252 2522 (l,
1270 2455 1308 2510 2⁰·
1325 2453 1360 2534 φ·

160 2521 221 2586 33.)
240 2528 271 2576 et
289 2520 475 2591 longinquum
493 2523 582 2602 longe
600 2534 746 2580 remotum
761 2473 799 2582 Ξῖ
817 2473 963 2594 Εἰιιιιιιίι,
981 2536 1015 2580 ut
1027 2527 1202 2598 longinquae
1215 2523 1362 2596 promanat

160 2590 192 2647 la
205 2591 227 2648 l.
247 2601 277 2646 et
294 2593 330 2648 H.
351 2597 378 2659 l,
398 2595 443 2650 76.
473 2593 536 2648 Hoc
554 2613 625 2652 vero
645 2597 700 2650 sibi
718 2597 784 2650 vult
802 2599 1005 2670 compendium
1025 2597 1082 2652 tls.
1102 2599 1206 2652 ilarii
1226 2592 1360 2650 tratri.-

162 2663 299 2717 iuaciaiae
316 2663 462 2732 inexperti
480 2665 540 2720 aaa
561 2667 669 2725 Put.1.
689 2671 716 2725 2.
737 2679 804 2740 sqq:
824 2669 970 2722 lasciuiam
987 2671 1098 2738 experti
1106 2668 1182 2724 MSS.
1200 2669 1278 2724 Flar.
1296 2669 1360 2732 (leel.

160 2736 236 2790 Vict.
256 2743 286 2789 et
303 2733 405 2798 Furia)
429 2735 501 2790 But.
526 2737 623 2795 Gneli.
649 2741 691 2794 sel.
718 2739 797 2862 S‘pir.
836 2740 951 2794 coaluit
974 2741 1085 2811 syllaba
1109 2741 1141 2796 in
1170 2759 1238 2795 cum
1261 2749 1362 2809 praece·

161 2804 244 2859 clenti
261 2807 417 2872 vocabulot
439 2806 543 2861 Wattu
565 2835 597 2848 ··-
616 2810 712 2877 officia
755 2811 910 2879 gatianum,
929 2812 1085 2882 dequibus
1110 2812 1230 2865 urbium
1257 2807 1362 2886 legatia

160 2877 247 2930 nibus
265 2893 294 2930 s.
313 2877 371 2953 leg.
391 2882 416 2932 i.
435 2876 470 2934 D.
491 2879 629 2956 delegat.
648 2881 746 2949 afficio
764 2883 941 2951 legationum
964 2891 1014 2935 aut
1037 2883 1154 2953 priuato
1171 2883 1307 2946 utilitate,
1331 2877 1361 2927 cf·

160 2946 223 3004 na
243 2948 298 3001 lll.
323 2967 351 3003 s.
372 2947 502 3002 Allatiui
528 2953 766 3006 substantivorum
790 2955 923 3010 absoluti.
960 2954 1048 3008 Paulo
1073 2963 1140 3026 post
1165 2971 1216 3008 nea
1239 2955 1361 3020 asprum

160 3017 221 3072 MS.
241 3018 341 3074 Gueli.
362 3049 393 3062 -
405 3035 438 3072 ne
458 3036 491 3073 ue
509 3021 604 3076 labari
621 3021 766 3077 inhonesto
783 3025 925 3092 erficere,
946 3026 1171 3093 satisfaciebant,
1212 3041 1272 3080 ares
1283 3025 1361 3080 erant,

160 3089 201 3156 (v.
220 3090 300 3156 adl,
321 3092 364 3156 13,
384 3039 472 3172 blla.
491 3109 516 3146 e.
536 3111 602 3147 eum
621 3111 680 3149 non
698 3095 841 3151 callebant
859 3112 914 3152 nec
942 3097 1011 3151 satis
1030 3099 1103 3150 scite
1127 3115 1166 3168 pe
1206 3113 1271 3152 cera
1292 3098 1361 3164 pole·

160 3169 237 3223 rant,
256 3177 341 3230 quum
357 3162 486 3215 montius
504 3165 617 3234 nesciis,
637 3168 706 3237 quia
723 3184 825 3221 manus
842 3167 999 3238 plaudendi
1017 3169 1132 3224 nesciae
1159 3166 1189 3221 h.
1205 3187 1231 3223 e.
1254 3165 1308 3237 ipsi
1323 3177 1361 3214 ³¹·-

160 3232 201 3284 tis
221 3230 377 3301 plaudendi
395 3233 492 3309 ignari
506 3245 605 3310 ¹sar-unt,
625 3237 803 3304 fatiscerent,
822 3240 1027 3316 fatigarentur,
1055 3241 1094 3304 (v.
1114 3241 1149 3294 ad
1166 3244 1196 3306 3,
1214 3241 1258 3302 38,
1276 3235 1315 3300 1.)
1338 3237 1361 3284 tl

160 3303 309 3355 turbarent
327 3319 446 3373 gnaras,
464 3307 757 3431 peritossplaudentli.
784 3311 878 3364 labori
896 3307 1042 3364 inhonesto
1060 3311 1191 3378 sufficere
1210 3309 1270 3365 aaa.
1282 3303 1359 3360 llhen.

159 3375 188 3458 ²:
207 3377 233 3457 ³:
253 3391 314 3444 sqq.
344 3375 441 3430 tutore
459 3393 480 3433 s.
501 3393 525 3430 a.
551 3381 578 3432 Μ
602 3417 607 3430 .
628 3378 728 3436 Guelf.
759 3381 820 3436 edd.
847 3379 927 3452 Spir.
947 3383 1010 3436 Put.
1029 3387 1054 3438 1.
1074 3386 1102 3438 2.
1125 3383 1190 3436 Ber.
1218 3380 1264 3448 (ad
1286 3391 1359 3449 quam

161 3444 247 3498 salust
264 3445 358 3514 Vict.)
375 3443 467 3504 Rhea.
488 3452 512 3503 1.
550 3450 650 3517 „liaeo
674 3452 822 3524 scriptura
845 3453 906 3506 anti
948 3471 965 3506 a
983 3461 1027 3507 est
1045 3471 1122 3511 vera.
1159 3452 1301 3520 Sufficere,
1326 3463 1360 3498 aa·

159 3516 200 3569 tis
217 3517 325 3582 iacere,
345 3515 441 3571 labore
459 3515 617 3587 salmasio,
637 3523 736 3579 Germ.
756 3523 792 3576 in
811 3522 905 3577 Anse
937 3541 1013 3600 ung
1038 3523 1104 3579 der
1122 3521 1359 3578 schandbaren

159 3585 371 3672 llandlung.
408 3589 536 3643 Verbum
563 3593 692 3658 suficere
710 3594 839 3648 absolute
858 3595 979 3660 dictum,
1005 3603 1039 3648 ut
1058 3601 1084 3662 l,
1105 3598 1148 3652 13.
1175 3595 1286 3666 quinam
1306 3587 1358 3642 aeli·

157 3671 231 3741 praet
247 3673 408 3727 priempere
426 3660 515 3714 iorum
532 3664 735 3730 suffecturi
753 3666 936 3719 abnuerent.“
955 3665 1061 3722 Waltls.
1098 3665 1155 3720 Sed
1180 3663 1308 3741 vulgaris
1323 3660 1359 3710 le·

101 3753 110 3770 ·
161 3736 222 3781 ctio
241 3737 304 3782 tum
323 3733 388 3783 usui
406 3727 554 3802 loquendi,
573 3741 636 3788 tum
655 3737 806 3791 contextui
823 3737 978 3792 verborum
988 3738 1210 3794 convenientior
1227 3730 1357 3795 enauit·

159 3807 220 3866 tur,
240 3807 269 3853 et
288 3805 314 3866 l,
333 3804 376 3857 13.
395 3801 431 3854 ad
450 3804 597 3870 suffecturi
621 3807 718 3864 intell.
743 3807 872 3876 principi
897 3811 965 3862 laea.
1004 3809 1204 3880 turbarentque
1229 3807 1281 3862 113
1298 3802 1355 3878 Agr·

160 3887 197 3923 ex
213 3871 327 3925 emend.
351 3871 407 3926 Sed
426 3875 465 3930 ci.
484 3873 548 3927 lud.
567 3875 621 3932 111.
641 3895 669 3930 v.
689 3878 843 3948 Aagndeto.
881 3879 1004 3948 ignaros
1021 3880 1065 3936 ed.
1084 3881 1146 3936 Put.
1165 3883 1191 3938 2-
1211 3911 1242 3923 ·—
1255 3891 1303 3948 W
1317 3889 1357 3926 Ν·

158 3957 235 4008 neos,
253 3943 337 3997 inter
354 3943 472 3998 ordines
490 3961 523 3999 ac
542 3947 644 4002 sedilia
661 3947 779 4004 theatri.
807 3968 835 4005 v.
855 3951 935 4022 Lips.
955 3951 990 4006 de
1008 3950 1151 4025 amphith.
1171 3969 1195 4009 a.
1214 3954 1256 4008 13

72 4096 74 4102 ,
231 4050 258 4103 2
280 4048 428 4116 constitit,
458 4059 572 4104 constat
595 4053 674 4108 inter
692 4070 791 4109 omnes
810 4057 854 4110 rei
873 4065 961 4111 testes
981 4066 1010 4112 et
1033 4059 1201 4130 scriptores,
1224 4057 1356 4125 plerum*

160 4117 292 4187 Equitum
310 4126 365 4172 cet.
387 4121 433 4174 Gi.
453 4121 531 4176 Suet.
549 4123 619 4177 Ner.
639 4142 664 4180 c.
684 4129 728 4182 23.
748 4128 888 4180 Consistit
906 4127 964 4182 MS.
984 4131 1063 4186 Flor.
1083 4137 1158 4186 teste
1174 4130 1246 4184 Vict-
1262 4125 1355 4194 pianr·

160 4203 223 4269 que,
241 4207 270 4245 v.
288 4189 326 4243 ad
342 4193 371 4256 3,
388 4193 433 4248 28.
461 4201 536 4251 earm.
563 4194 712 4264 plerosque
733 4198 855 4252 militamt
877 4199 953 4254 MSS.
980 4201 1050 4278 lieg.
1138 4239 1145 4254 .
1170 4201 1213 4256 ed.
1237 4197 1308 4270 Spir·
1326 4223 1353 4234 ··

160 4263 308 4315 enituntur
325 4276 532 4336 perrumpere3
552 4264 620 4322 Ern-
641 4298 673 4310 -
692 4269 758 4323 dum
776 4269 851 4324 diem
870 4279 1028 4344 noctemque
1046 4275 1107 4332 secla
1127 4274 1182 4330 'out
1198 4269 1352 4328 continuati
