2854 4788
1034 4 1043 37 l

131 271 137 284 ,
181 317 186 324 ⁵
251 178 661 292 orrorxtnn-xu
692 224 895 303 (numo
924 225 1090 309 som.)
1201 229 1266 303 tes

42 394 135 460 milis
162 401 258 459 esset.
286 392 354 456 'Ne
381 391 544 456 codicillis
573 389 707 475 quidem
729 390 830 476 (quod
857 394 1013 480 plerique
1032 395 1263 478 perenntlnm)
1304 415 1307 422 ·

41 479 215 542 Neronem
247 485 306 540 ant
334 474 535 562 Tigellinum
563 483 622 538 eut
652 495 748 559 quem
770 477 872 540 alium
900 481 1087 559 potentium
1109 477 1263 548 adulatus

43 569 106 638 est,
128 559 187 624 sed
207 560 334 646 flagitia
346 559 511 641 Principis
533 559 594 623 sub
616 559 805 622 nominibus
820 561 1029 638 exoletorum
1050 563 1265 628 feminarum,

42 665 106 726 que
146 653 181 706 et
209 645 360 704 novitate
391 644 551 725 caiusque
582 644 692 725 stupri
723 645 922 724 perscripsit
949 652 1052 724 atque
1090 645 1264 746 obsignata

42 729 137 788 misit
158 724 302 806 Neroni,
324 727 492 810 fregitque
512 726 682 805 annulum,
703 745 745 788 ue
757 746 832 790 mox
853 728 929 788 usui
944 734 1030 790 esset
1051 726 1094 790 ad
1113 727 1264 810 iacienda

42 813 204 892 pericula.

115 931 139 982 l.
160 929 265 982 cumae
281 943 370 998 usque
385 943 558 996 progressus
576 924 726 982 Petronius
751 927 815 984 scil.
835 945 901 984 cum
919 929 1053 996 Caesare,
1074 929 1137 986 eius
1154 945 1260 990 mmet.
1284 961 1288 976 ·
1340 991 1346 1002 ,

42 1000 230 1068 Campaniam
253 1001 397 1068 petiverat
422 1001 531 1055 Gueear
556 1000 657 1054 ditmar
684 1017 771 1072 usque
804 1015 982 1072 progressus.
1024 1002 1178 1057 Petronius
1201 1004 1263 1058 illic

42 1073 224 1138 attinebatur,
243 1086 293 1124 nec
311 1073 429 1124 tulit-
448 1087 543 1125 moras
562 1073 638 1125 coni.
658 1072 792 1126 Huetius.
812 1105 846 1118 -
882 1073 947 1127 illic
966 1074 1148 1138 attinebatur,
1168 1091 1263 1129 incre·

41 1146 136 1198 batnr.
158 1143 202 1197 Cf.
223 1143 286 1196 lnd.
307 1143 345 1196 11.
365 1175 399 1187 -
434 1159 578 1212 praeceps,
598 1145 637 1196 ci.
658 1141 721 1197 lnd.
741 1143 795 1198 111.
815 1163 843 1202 v.
862 1145 1014 1200 Adiectiva
1036 1163 1089 1216 pro
1115 1146 1263 1200 adverbiis

40 1233 71 1286 p·
91 1219 154 1272 863.
195 1215 368 1268 Coniectura
386 1215 513 1268 Acidalii
533 1229 735 1284 perpraeceps
753 1217 869 1294 elegans
889 1225 945 1283 αεὶ,
970 1219 1037 1272 Ern.
1075 1217 1261 1286 Neutiqusm.

43 1319 74 1330 ·-
96 1293 128 1338 ul
146 1287 274 1340 libitume
295 1287 326 1338 in
344 1283 421 1342 MSS.
441 1285 511 1364 fleg.
531 1285 615 1340 Gorb.
635 1287 732 1358 Gueli.
752 1304 768 1340 a
786 1305 825 1340 m·
846 1305 901 1344 sec.
931 1297 960 1343 et
985 1288 1029 1342 ed.
1048 1286 1125 1362 Spin.
1162 1289 1202 1341 ad
1225 1288 1263 1340 li·

43 1358 143 1412 lituae.
164 1386 196 1398 -
233 1358 363 1426 gloriam
378 1359 554 1414 constantiae
572 1357 630 1412 MS.
650 1357 731 1416 Flor.
751 1359 838 1426 (teste
856 1359 945 1426 Vict.)
965 1360 1029 1414 edd.
1049 1361 1127 1432 Spir.
1145 1359 1262 1418 walth.

42 1429 134 1486 Bekk.
151 1433 181 1496 Ι2.
219 1431 405 1484 constantiam
423 1431 537 1500 gloriae
561 1429 620 1487 MS.
649 1429 746 1486 Gueli.
775 1431 838 1488 edd.
866 1432 928 1485 Put.
951 1437 975 1489 1.
993 1436 1019 1489 2.
1038 1434 1104 1488 Ber.
1123 1432 1215 1488 liben.
1235 1437 1261 1490 1.

41 1502 221 1556 constantiae
238 1502 363 1572 glorium
382 1501 438 1557 lllS.
457 1503 577 1566 llarl.„a
595 1521 634 1557 m.
664 1521 720 1558 sec.
745 1511 775 1558 et
793 1503 855 1558 edd.
874 1503 967 1558 Rben.
987 1508 1013 1561 2.
1032 1509 1060 1563 3.
1080 1524 1143 1578 sqq.
1173 1521 1264 1576 usque
1321 1533 1327 1550 ι

41 1578 77 1632 ad
96 1575 215 1634 walth.
244 1585 277 1628 ut
301 1577 346 1642 15,
374 1579 418 1633 67.
450 1584 480 1632 et
505 1578 544 1632 al.
565 1608 598 1620 -
634 1575 669 1636 tle
683 1575 906 1630 'immortalitate
930 1577 1050 1645 animae,
1073 1596 1101 1636 v.
1121 1577 1156 1631 ad
1174 1593 1198 1632 e.
1217 1580 1263 1632 84.

40 1668 68 1704 n.
89 1655 114 1706 l.
138 1680 171 1692 -
208 1649 283 1703 lenia
300 1649 438 1717 camnim,
458 1649 579 1706 levioris
598 1651 774 1726 argumenti,
792 1646 916 1716 ludicre,
935 1651 1084 1711 amatoria.
1105 1682 1136 1693 -
1162 1647 1264 1716 faciles

42 1738 153 1788 cereus,
173 1721 212 1774 ci.
231 1721 267 1775 ad
284 1721 311 1788 6,
331 1724 374 1790 15,
393 1723 419 1780 2.
441 1755 474 1766 -
512 1738 657 1776 servorum
674 1721 761 1775 aliae:
781 1723 813 1776 in
831 1721 887 1776 MS.
909 1720 993 1779 Corb.
1013 1738 1110 1776 terroe
1126 1720 1209 1775 oliae.

110 1831 138 1885 2.
157 1827 230 1882 iniit
246 1834 273 1880 et
289 1828 352 1882 uiae
369 1827 445 1887 MSS.
467 1837 496 1884 et
515 1827 577 1883 edd.
596 1835 655 1886 vet.
691 1827 765 1882 iniit
784 1831 879 1897 epulae
905 1829 965 1883 edd.
991 1829 1053 1900 Bip.
1082 1827 1179 1882 Oberl.
1198 1845 1261 1899 sqq.

41 1919 62 1955 e
75 1901 247 1955 coniectura
270 1900 431 1954 Marklandi
456 1902 487 1953 in
513 1919 528 1954 e
551 1943 558 1956 .
588 1901 656 1954 crit.
680 1901 716 1954 ad
739 1901 863 1955 Herium
885 1917 913 1972 p·
932 1903 976 1958 69.
1013 1898 1092 1953 inire
1114 1898 1177 1952 uiae
1203 1913 1263 1953 non

41 1973 182 2026 convenit
200 1971 319 2047 ingenio
334 1971 463 2027 Petronii
482 1979 512 2026 et
529 1919 601 2026 bule
618 1972 759 2044 temporiq
779 1973 846 2030 tiri.
883 1971 987 2040 „Nihil
1006 1971 1146 2026 tamenin
1163 1977 1263 2025 vetere

42 2047 191 2115 scriptura
209 2051 262 2108 est,
282 2044 358 2115 quod
382 2043 544 2115 displiceat.
583 2043 694 2115 Quippe
718 2043 785 2096 iniit
812 2044 876 2097 uiae
903 2059 962 2097 non
984 2043 1062 2109 vult,
1093 2043 1263 2097 Petronium

39 2118 158 2169 viarum
177 2115 269 2186 spatia
293 2131 329 2169 ex
348 2129 406 2169 nno
424 2113 532 2186 oppido
551 2115 582 2168 in
602 2114 683 2169 alind
698 2115 819 2188 pedibus
838 2131 988 2170 emensum
1013 2131 1084 2180 esse,
1109 2113 1159 2168 sed
1176 2111 1264 2166 illurn

41 2203 101 2241 non
121 2187 260 2241 mansisse
284 2186 364 2240 intra
387 2187 525 2258 parietes,
550 2187 728 2258 processisse
754 2187 785 2240 in
824 2187 934 2241 ublices
951 2187 1024 2251 viss,
1051 2186 1133 2256 qussi
1161 2192 1264 2239 cuncta

41 2258 130 2312 solita
148 2266 312 2329 usurparet.
350 2253 456 2312 lniisse
480 2265 509 2312 et
528 2257 627 2329 epulas
645 2259 733 2313 facile
757 2205 931 2314 cneiideris:
960 2256 1010 2311 sed
1034 2275 1124 2328 quum
1149 2265 1263 2311 veteres

39 2329 113 2383 libri
132 2328 168 2384 ds
185 2326 241 2382 bac
258 2343 291 2382 re
304 2328 350 2382 nil
363 2328 478 2395 addent,
497 2345 551 2382 cnr
559 2329 745 2384 obtrudamus
760 2333 818 2386 scri
840 2331 909 2394 tori,
927 2331 1061 2400 proiecto
1079 2345 1137 2383 non
1149 2325 1265 2384 viduo.li

42 2397 151 2454 Waltls.
173 2427 205 2438 -
241 2405 272 2452 ut
292 2415 445 2471 quanquam
462 2405 558 2454 coacta
577 2399 634 2457 MS.
653 2400 694 2456 lie
719 2445 724 2457 .
746 2401 808 2456 edd.
874 2421 919 2456 en.
937 2402 964 2456 2.
983 2405 1009 2458 3.
1029 2419 1091 2472 sqq.
1127 2404 1159 2452 ut
1184 2415 1265 2471 quom

39 2479 139 2526 eonem
157 2469 233 2525 MSS.
253 2471 334 2528 Flor.
355 2474 442 2534 (teste
460 2473 548 2534 Vici.)
570 2471 655 2528 Corb.
702 2471 755 2526 arl.
775 2473 857 2526 Bodl.
878 2473 931 2528 les.
952 2471 1023 2526 Bud.
1059 2478 1143 2542 utque
1166 2477 1265 2526 coacta

40 2545 98 2599 MS·
120 2543 218 2598 Guell.
238 2549 269 2598 ut
286 2544 369 2614 quari
395 2549 492 2596 coacta
517 2543 581 2601 edd.
608 2543 671 2599 Put.
692 2549 716 2601 l.
735 2545 760 2598 2.
785 2544 850 2600 Ber.
870 2541 961 2597 Rben.
981 2549 1006 2598 1.
1044 2543 1120 2608 Quae
1139 2544 1265 2597 varietas

40 2626 144 2671 natae
171 2615 342 2686 compendio
369 2615 532 2686 scripturas
551 2617 580 2686 q“,
606 2615 683 2686 quod
708 2621 751 2668 est
778 2615 809 2668 in
830 2613 874 2668 ed.
894 2612 971 2683 Spin.
990 2646 1024 2656 -
1061 2611 1103 2666 Ne
1121 2613 1265 2668 codicillis

41 2689 155 2760 quidem
173 2719 206 2730 -
223 2686 403 2756 perscripsit,
422 2704 449 2738 v.
468 2684 504 2739 ad
522 2689 548 2752 l,
567 2687 594 2751 6,
613 2689 639 2742 6.
658 2693 688 2739 et
705 2688 733 2752 2,
751 2687 795 2750 46,
814 2690 840 2740 1.
869 2684 937 2738 Non
954 2684 1074 2737 deluere
1092 2684 1143 2754 qui
1160 2701 1265 2756 perpe·
1321 2749 1325 2758 Δ

40 2779 105 2814 ram
133 2759 334 2830 opinarentur,
367 2756 421 2811 bos
443 2755 587 2810 codicillos
621 2756 710 2811 inisse
741 2755 833 2811 libros
861 2755 926 2810 xv!
950 2753 1095 2808 satiricon
1122 2753 1263 2808 Petronii.

39 2831 208 2900 „Quomodo
228 2831 306 2886 enim
325 2830 403 2882 intra
420 2845 525 2899 paucas
543 2827 629 2882 bores
647 2827 757 2882 librum
777 2827 953 2898 scripsisset,
980 2825 1010 2879 la
1053 2827 1146 2878 iorem
1164 2827 1264 2889 etism,

41 2919 132 2973 qnam
151 2909 185 2954 ut
203 2899 408 2956 codicillorum
426 2901 545 2956 namins
563 2899 785 2972 appellaretur?
822 2899 972 2953 Praeterea
994 2897 1026 2950 in
1064 2897 1168 2952 stirico
1186 2895 1265 2949 nihil

40 2979 138 3029 ferme
156 2973 297 3038 occurrit,
316 2970 395 3043 qnod
411 2971 524 3026 Neroni
543 2971 710 3026 conveniat:
737 2970 877 3043 pleraque
897 2967 1013 3024 Claudii
1031 2967 1264 3022 imbecillitatem

40 3043 206 3101 referuntl‘
223 3045 305 3100 Brol.
326 3074 359 3086 -
396 3043 469 3114 quod
492 3039 623 3114 plerique
647 3044 820 3111 pereuntium
844 3059 882 3098 sc.
901 3041 1022 3096 iaciunt.
1052 3038 1096 3094 Gt.
1117 3038 1182 3093 lnd.
1201 3038 1258 3096 lll.

40 3137 67 3174 r.
90 3115 215 3184 Etlipeea
232 3133 276 3171 nr.
296 3117 342 3171 26.
362 3141 396 3156 ·-
432 3113 571 3168 Neronem
593 3147 622 3157 -
641 3114 775 3168 adulatur
794 3120 845 3178 eat,
863 3121 897 3166 ut
914 3113 950 3170 li.
971 3117 996 3176 1,
1016 3112 1059 3168 62.
1079 3108 1141 3168 cte.
1161 3111 1193 3164 in
1205 3111 1262 3164 Pis.

40 3198 117 3244 extr.
135 3185 201 3243 Seu.
221 3187 257 3242 ds
275 3188 319 3240 ira
336 3189 364 3253 2,
382 3189 428 3242 31.
447 3184 561 3239 Colum.
582 3187 609 3250 i,
629 3189 671 3242 12.
710 3184 951 3252 Quintilianusi,
970 3185 997 3239 3.
1023 3181 1119 3253 princ.
1144 3189 1265 3236 annate-

41 3262 98 3324 vit‚
118 3259 232 3312 caraem
248 3259 333 3312 alicui
351 3275 403 3312 suo
422 3273 493 3312 aevo
511 3257 622 3310 dictum
642 3265 672 3310 et
695 3256 811 3312 adulari
832 3257 952 3326 aliquem
976 3253 1146 3324 antiquiori.
1167 3285 1200 3296 -
1236 3259 1263 3307 et

40 3331 167 3385 navitate
184 3331 316 3400 cuiusque
333 3331 438 3398 stupri,
456 3332 494 3382 cl'.
513 3328 576 3386 ind.
597 3328 649 3381 111.
669 3347 697 3380 r.
722 3327 848 3382 Adlatloi
872 3327 1107 3381 eubatantivarurn
1133 3325 1262 3382 absoluti.

40 3543 120 3616 Spir.
140 3543 230 3598 nuk.
249 3547 275 3599 2.
295 3541 367 3596 Ritt.
386 3550 420 3596 ut
437 3544 464 3608 2,
483 3546 510 3599 2.
547 3544 630 3597 arula
677 3541 707 3596 6.
725 3551 755 3598 et
773 3542 836 3599 edd.
855 3558 953 3596 omnes
973 3548 1041 3594 ante
1060 3537 1158 3594 (lberl.
1190 3541 1265 3593 Vera

41 3614 191 3743 gipm
219 3621 264 3739 eqt
276 3613 383 3738 (Ξὶοιιίιίιιἐ
410 3613 466 3752 cb,
481 3613 517 3741 qd
541 3613 579 3744 ἓ.
598 3612 902 3740 }l.hn.·dt·01(1;lend.
931 3611 968 3736 qd
985 3611 1067 3736 iiueq.
1085 3611 1156 3735 lliler.
1175 3613 1264 3738 agg:

92 3703 231 3741 crenus
301 3703 337 3741 rc.
385 3703 413 3742 n.
566 3725 573 3739 .
625 3703 776 3742 onerem
830 3702 903 3738 ram.
958 3721 1008 3737 ..
1063 3724 1070 3737 .
1121 3717 1128 3734 .
1175 3719 1182 3734 .

41 3748 390 3844 Ra'nmgartenfflrnsius
408 3756 440 3808 in
458 3725 540 3812 clais
558 3755 637 3812 Suet
657 3789 691 3801 -
727 3774 763 3811 ne
786 3771 851 3812 moa
868 3755 933 3810 ami
950 3761 1023 3811 esset
1040 3753 1079 3809 ad
1096 3755 1119 3820 f.
1135 3698 1176 3824 pl),
1207 3759 1265 3822 „ut

43 3831 75 3884 in
92 3828 265 3886 assimilatis
282 3827 393 3882 Lucani
411 3825 508 3882 literis
527 3847 551 3884 c.
572 3827 639 3885 1⁷³⁴
657 3829 750 3886 Olerl.

507 3969 699 4030 CAPUT
739 3970 807 4028 XX.

126 4078 320 4166 Ambigenti
340 4079 483 4155 Neroni,
513 4098 655 4170 qupnem
681 4076 781 4142 modo
803 4078 952 4142 noctium
974 4096 1111 4140 suarum
1132 4076 1264 4162 ingenie

45 4170 270 4242 notescerent,
291 4166 435 4226 offertur
456 4161 539 4226 Silia
559 4163 776 4226 matrimonio
797 4163 962 4226 senatoris
983 4158 1073 4222 haud
1094 4161 1211 4244 ignota
1231 4164 1265 4219 et
1331 4165 1343 4186 ⁸

45 4247 110 4326 ipsi
132 4245 174 4308 sd
197 4264 327 4308 omnem
349 4245 524 4310 libidinem
544 4247 648 4308 ascita
669 4263 708 4307 nc
721 4245 881 4309 Petronio
902 4263 1061 4328 perquem
1083 4240 1265 4304 familiaris.

45 4327 169 4415 Agitur
188 4328 226 4391 in
247 4331 413 4404 exsilium,
434 4337 592 4414 tanquam
610 4347 679 4393 non
700 4329 858 4407 siluisset,
885 4345 969 4410 quae
999 4323 1131 4389 viderat
1150 4331 1265 4408 pertu-
