2800 4790
221 243 367 309 casus
387 244 463 312 nu.
483 245 574 310 uu.
611 246 665 326 (s.
688 245 726 311 u.
748 247 821 316 su.
850 247 891 311 s.
914 226 1034 332 o..st.)
1177 252 1240 318 asa
1296 197 1332 318 s‘

33 413 163 476 absolvit
184 409 327 489 Caesar3
349 411 564 476 Camerinum
586 412 747 478 adversus
773 415 923 499 privatos
952 425 987 480 et
1014 435 1136 498 peuces
1164 437 1239 482 sae-

32 499 122 557 vitiae
153 499 260 585 magis
295 517 392 579 quam
421 505 592 580 captarum
624 499 842 580 pecuniarum
873 501 1013 562 crimina
1035 501 1240 570 obiicientes.

32 578 193 642 Silvanum
223 599 342 666 magna
372 581 425 644 vis
456 587 688 644 accusatorum
721 585 989 646 circumsteterat
1000 583 1240 668 ‚poscebatque

33 669 150 745 tempus
173 663 431 736 evocandorum,
453 665 599 738 testium.
645 663 732 727 Reus
759 665 851 729 illico
877 665 1010 729 defendi
1038 667 1240 750 postulabat,

30 747 192 830 ualuitque
213 748 393 828 pecuniosa
414 747 560 810 orbitate
582 757 616 813 et
635 757 778 827 senecta,
810 769 907 833 qnam
932 749 1025 812 ultra
1051 751 1154 814 vitam
1184 769 1240 814 eo·

32 847 96 891 snm
115 827 290 913 produxit,
313 849 459 912 quorum
479 831 607 895 ambitu
628 839 790 895 evaserat.
1025 859 1038 907 t

90 951 114 1002 1.
135 947 211 1001 Reos
227 963 262 1000 ex
276 945 428 1017 prouincia
446 947 561 1016 Africa,
581 957 728 1004 accusatos
744 957 813 1021 post
829 949 969 1017 reditum,
988 949 1192 1006 discessionem
1204 968 1240 1006 ex

30 1033 62 1082 ea,
82 1025 116 1072 nt
132 1020 199 1072 tere
217 1021 261 1086 16,
287 1023 331 1076 23.
367 1037 402 1074 es
424 1021 627 1088 morousulatu
644 1021 744 1088 Asiae,
763 1029 830 1094 post
846 1039 922 1088 eum,
940 1029 1093 1093 postquam
1112 1023 1155 1076 ibi
1172 1039 1241 1094 pro·

29 1089 121 1142 consul
138 1092 246 1164 iterat,
265 1099 294 1145 et
312 1091 347 1148 H.
366 1095 394 1157 3,
413 1093 457 1148 lt·
478 1102 552 1147 extr.
573 1109 608 1146 ex
624 1092 708 1150 Asia.
733 1125 765 1136 -
795 1093 845 1162 qui
860 1094 1064 1162 proconsulare
1091 1095 1242 1162 imperium

30 1160 83 1213 illle
99 1159 257 1216 lutumst
275 1161 353 1221 MSS.
373 1162 453 1220 Flor.
473 1165 544 1222 Bud.
564 1181 580 1218 a
597 1183 636 1220 m.
654 1182 700 1234 pr.
718 1165 798 1218 Harl.
809 1163 891 1218 Bodl.
913 1165 966 1220 les.
987 1174 1017 1219 et
1035 1161 1097 1219 edd.
1116 1167 1238 1235 primae.
1272 1228 1277 1235 ‚

31 1229 175 1286 luamus
193 1232 252 1287 MS.
271 1233 341 1290 Bud.
361 1252 377 1287 a
395 1253 436 1291 m.
456 1253 511 1290 sec.
541 1243 571 1289 et
595 1233 658 1292 edd.
678 1234 771 1290 Rhen.
791 1239 817 1294 2.
837 1240 864 1293 3.
885 1254 946 1308 sqq.
985 1235 1067 1302 „Sed
1084 1235 1241 1290 latuerunt

30 1301 151 1374 inpletae
169 1305 291 1371 dictum,
310 1313 344 1358 ut
361 1306 480 1376 scripsit
501 1312 526 1373 1,
545 1309 589 1362 53.
609 1307 760 1360 transtulit
777 1311 806 1372 2,
826 1309 869 1364 32.
889 1307 1024 1376 imposuit
1042 1309 1070 1372 6,
1090 1311 1134 1366 32.
1154 1307 1241 1361 resti-

31 1382 116 1428 terunt
136 1378 179 1446 12,
200 1380 243 1433 31.
264 1383 293 1430 et
310 1385 425 1447 tempus
444 1377 602 1432 relativum
622 1379 707 1433 etiam
727 1379 761 1432 ab
779 1377 841 1431 h.1;
871 1379 1000 1432 alienum
1026 1379 1102 1432 est-‘⁴
1133 1377 1239 1433 Waltla

31 1478 55 1489 -
79 1447 238 1515 Sulpicium
262 1449 451 1515 Camerinum,
477 1449 529 1520 qui
551 1449 621 1506 aU.
640 1453 704 1506 820.
730 1468 789 1504 una
814 1467 881 1502 cum
911 1449 974 1502 tilio
998 1451 1171 1505 interfectus
1198 1459 1242 1506 est
1353 1505 1362 1526 Ι

30 1534 77 1570 non
94 1517 180 1572 aliam
199 1519 234 1574 ob
253 1535 378 1586 eausam,
437 1519 483 1575 im
503 1522 571 1593 quia
590 1519 715 1591 Sulpicii
734 1518 847 1592 Pythici
872 1529 907 1574 ut
925 1521 1004 1576 Nero
1029 1520 1241 1599 cognominati,

30 1589 379 1659 superinducerem.
423 1593 479 1646 asti
522 1587 566 1645 ὅτι
583 1595 703 1646 Πυθικοὶ
731 1589 761 1645 ἔκ
784 1587 936 1662 προγόνων
959 1589 1173 1664 ἐπικαλούμενοι
1191 1591 1242 1646 οὐκ

30 1657 172 1715 ἐπαύσαντο
192 1663 335 1736 πρόςρημα
353 1659 422 1715 τοῦτ’
443 1663 562 1732 ἔχοντες,
580 1661 667 1727 ἀλλ’ἐς
685 1660 732 1722 τὰς
750 1665 799 1716 τοῦ
815 1665 944 1735 Νέρωνος
962 1666 1041 1726 νίκας
1058 1660 1106 1724 τὰς
1114 1661 1242 1724 Πυθικὰς

28 1730 53 1782 ἐι
66 1737 110 1800 τῆς
128 1728 291 1806 ὁμωνυμίας
307 1732 426 1800 ἠσέβουν
442 1732 552 1806 Xiphil.
573 1737 619 1802 63,
640 1737 684 1792 13.
710 1733 886 1804 Supplicium
896 1736 1070 1789 ermelinum
1088 1734 1146 1791 MS.
1159 1735 1240 1792 Flor.
1262 1787 1264 1794 ,

28 1810 90 1857 teste
113 1803 214 1864 Furia.
250 1805 407 1876 Suplirs'srm
434 1806 478 1859 ed.
508 1804 526 1858 S
549 1808 585 1860 ir.
616 1839 647 1850 -
677 1805 862 1874 Pomponium
892 1806 1052 1861 Siluanum:
1083 1810 1244 1874 ‘„fortases

28 1875 102 1927 scrib.
128 1875 293 1946 Pompeium
315 1878 462 1932 Siluanum
477 1825 547 1940 ‚velp
558 1877 717 1948 Poppaeam
740 1877 920 1932 Siluanum.“
946 1879 1026 1949 lips.
1063 1877 1107 1933 De
1134 1877 1181 1930 his
1210 1897 1238 1932 v.

28 1945 80 1998 ind.
98 1947 121 2001 1.
156 1947 245 2002 Paulo
262 1957 330 2018 post
345 1949 533 2017 pecuniarum
550 1957 699 2020 rupturum
717 1949 774 2004 MS.
795 1951 895 2004 Guelf.

88 2023 114 2076 2.
133 2021 278 2089 noluitque
294 2021 447 2090 pecuniosa
466 2020 589 2076 orbitate
607 2027 636 2076 el
654 2027 776 2088 senecta,
796 2029 830 2074 ut
847 2023 882 2074 H.
903 2027 930 2088 1,
944 2025 987 2079 73.
1005 2027 1104 2091 polens
1119 2021 1240 2092 pecuale

28 2093 51 2138 el
65 2093 168 2144 ortiles
186 2087 270 2145 touls
287 2093 372 2145 molis
391 2109 425 2146 ue
444 2091 614 2162 tenporibus
632 2093 716 2146 lustu
733 2093 832 2148 ualeat.
852 2093 927 2148 Reus
946 2093 1059 2147 ambitu
1070 2093 1170 2162 erasit,
1189 2111 1241 2166 pe·

29 2160 110 2214 riculo
130 2172 287 2234 exemptus
314 2171 343 2217 et
364 2111 511 2218 ahsolutus
537 2171 580 2217 est
602 2173 727 2236 propter
753 2165 921 2220 testimonia
950 2172 979 2220 et
997 2167 1240 2220 intercessionem

28 2225 260 2306 heredipetarum.
289 2234 543 2302 01113231.
572 2243 602 2289 et
621 2238 663 2295 13.
683 2239 728 2302 42,
747 2238 774 2292 2.
810 2237 902 2289 saluit
928 2235 991 2291 MS.
1015 2237 1078 2294 Vnt.
1105 2241 1185 2294 leot.
1210 2245 1241 2293 et

27 2303 62 2354 es
79 2303 154 2376 Spir.
177 2339 209 2352 -
231 2307 310 2360 ultre
328 2307 417 2361 silam
436 2323 533 2360 eorum
550 2304 629 2361 MSS.
649 2305 731 2363 Flor.
751 2309 829 2372 (test.
851 2308 908 2365 Iso.
928 2307 1021 2366 Gron.
1041 2325 1100 2362 non
1113 2309 1190 2363 Vict.
1210 2317 1240 2362 et

27 2373 113 2432 tuat
132 2375 220 2435 corb.
242 2377 304 2432 edd.
325 2377 403 2451 Spir.
422 2377 496 2434 Era.
516 2395 580 2449 sqq.
608 2378 688 2430 ultra
707 2393 802 2432 eorum
817 2380 915 2444 ¹ollam
940 2378 1020 2436 MSS.
1047 2379 1129 2437 Harl.
1154 2381 1238 2436 soal.
1299 2373 1304 2394 ⁸

25 2442 70 2502 les.
90 2446 190 2502 Gnelf.
211 2449 275 2506 edd.
296 2458 350 2505 oet.
371 2483 401 2494 -
424 2450 540 2513 ambitu,
560 2451 597 2504 ci.
609 2450 645 2503 ad
655 2453 682 2516 4,
694 2452 722 2506 2.
742 2449 878 2504 ambitum
896 2450 958 2510 edd.
972 2451 1038 2506 Ber.
1058 2451 1191 2510 etRhen.
1212 2457 1238 2509 l.
1264 2512 1271 2518 ,

445 2603 475 2658 γο
493 2604 518 2660 a
537 2603 557 2658 r
575 2603 646 2658 ur
699 2583 815 2659 nur(

95 2711 235 2774 Quietae
264 2709 306 2774 ad
336 2711 372 2775 id
408 2721 538 2795 tempus
565 2731 619 2773 res
654 2714 688 2772 in
717 2709 898 2774 Germania
928 2715 1064 2773 fuerant
1102 2711 1137 2774 in
1181 2713 1238 2774 nio
1292 2754 1294 2760 ·

25 2788 146 2874 ducum,
176 2797 233 2877 qui
259 2795 466 2881 pervulgatis
490 2793 653 2878 triumphi
675 2795 862 2882 insignibus
884 2798 991 2857 maius
1013 2813 1053 2855 ex
1075 2813 1114 2854 eo
1160 2813 1238 2856 eous

23 2877 204 2956 sperabant,
236 2874 266 2940 si
297 2897 412 2960 pacem
447 2879 745 2940 continuavisseut.
801 2877 960 2940 Paulinus
993 2876 1170 2960 Pompeius
1204 2884 1238 2941 et

22 2957 55 3019 L.
70 2959 178 3022 Vetus
200 2956 239 3022 ea
261 2969 457 3044 tempestate
479 2961 645 3026 exercitui
665 2968 855 3044 praeerant.
896 2959 950 3024 Ne
971 2970 1082 3022 tamen
1103 2979 1238 3046 segnem

20 3043 150 3106 militem
171 3045 365 3124 attinerent,
387 3045 443 3108 ille
464 3044 657 3105 inchoatum
678 3054 755 3107 ante
782 3053 851 3105 tres
880 3051 914 3122 et
930 3045 1105 3128 sexaginta
1132 3062 1237 3108 anuos

20 3141 35 3182 a
59 3125 172 3192 Druso
199 3145 355 3228 aggerem
384 3127 569 3196 coercendo
599 3126 715 3189 Rheno
744 3126 899 3203 absolvit,
925 3125 1037 3188 Vetus
1060 3123 1238 3188 Mosellam

17 3213 110 3290 alque
132 3209 268 3272 Ararim
296 3213 382 3273 facta
410 3213 500 3272 inter
529 3217 711 3293 utrumque
743 3213 830 3272 fossa
858 3215 1057 3272 connectere
1085 3209 1236 3291 parabat,

18 3301 49 3348 ut
69 3295 186 3376 copiae
207 3313 271 3376 per
290 3311 394 3372 snare,
416 3293 493 3356 dein
515 3290 677 3354 Rhodano
699 3300 733 3354 et
753 3293 861 3354 Arare
882 3291 1059 3354 subvectae
1081 3311 1143 3374 per
1164 3311 1237 3354 eam

18 3373 145 3454 lassam,
172 3397 250 3439 mox
272 3377 379 3439 fluvio
400 3373 543 3438 Mosella
568 3379 604 3436 in
626 3375 790 3454 Rhenum,
819 3377 895 3437 exin
917 3373 1086 3438 Oceanum
1116 3373 1236 3438 decur-

17 3459 377 3542 rerent,.sublatisque
405 3461 538 3522 itineris
567 3457 817 3521 difficultatibus
850 3459 926 3528 navi
953 3456 1053 3534 abilia
1081 3458 1172 3520 inter
1200 3459 1236 3521 s'e

17 3541 193 3602 oecide‘ntis
215 3543 520 3627 septentrionisque
541 3542 643 3605 litora
671 3541 803 3604 fierent.
847 3479 975 3604 Invilit
1001 3541 1097 3622 operi
1117 3541 1235 3603 Aelius

15 3619 159 3686 Gracilis
178 3625 333 3711 Belgicae
355 3626 496 3711 legatus,
518 3623 722 3688 deterrendo
730 3625 901 3696 Veterem,
924 3643 966 3686 ne
987 3624 1135 3708 legiones
1157 3625 1235 3687 slie-

16 3723 69 3766 ase
90 3710 289 3788 provinciae
309 3709 452 3771 interret
484 3711 519 3769 in
540 3707 715 3790 studiaque
736 3705 922 3770 Galliarum
955 3710 1138 3785 affectaret,
1167 3710 1234 3769 ior-

14 3787 211 3852 nidolosum
232 3790 269 3852 id
289 3789 491 3873 Imperatori
512 3789 679 3871 dictitans,
702 3809 766 3873 quo
788 3791 984 3876 plerumque
1013 3789 1236 3870 prohibentur

16 3883 149 3936 onasus
168 3873 313 3938 honesti.
742 3913 745 3929 .

75 3977 102 4031 1.
127 3973 247 4031 ostiu
273 3975 313 4028 ul
336 3973 369 4028 ir
392 3982 501 4045 tempus
527 3990 588 4030 res:
624 3973 657 4028 in
683 3973 726 4032 sd.
746 3967 1034 4046 Spir.·0uletae'res
1057 3970 1096 4024 nl
1113 3969 1147 4026 ll
1164 3945 1183 4025 ι’.
1205 3981 1235 4028 et

13 4044 1236 4192 tmtaztttltits·itti)0550littttt'aaetl‘tt

13 4185 63 4239 sile
82 4193 164 4242 erat.
183 4221 215 4231 -
232 4155 597 4258 paem’contipaavlmls,
618 4189 786 4243 continuam
805 4195 835 4242 et
851 4195 1023 4260 perpetuam
1041 4186 1187 4240 fecissent.
1200 4216 1233 4227 -

12 4251 151 4312 heim
164 4258 231 4312 Pom
273 4260 313 4313 'us
330 4261 362 4314 in
381 4263 526 4318 inferiore
545 4268 573 4316 et
590 4259 622 4319 L.
642 4261 786 4314 Antistius
808 4259 897 4315 Vetus
923 4259 954 4311 in
978 4257 1130 4328 superiore
1158 4254 1235 4310 Ger·
1260 4267 1263 4282 ·

12 4331 101 4386 mia
121 4328 236 4408 legioni
255 4349 289 4388 ιι
306 4343 451 4406 praeerat.
466 4331 514 4388 ‘De
530 4331 588 4389 hoc
605 4351 636 4388 v.
655 4331 691 4386 sd
708 4335 737 4398 4,
755 4335 783 4398 1,
802 4335 827 4386 1.
846 4328 881 4384 (le
899 4328 955 4382 illo
973 4331 1018 4396 1⁵,
1038 4329 1082 4385 13.
1102 4325 1177 4380 Plin-
1187 4329 1234 4394 33,

933 4416 1000 4478 ιο*
1087 4485 1093 4506 ,
