2884 4794
377 189 383 199 '
503 195 512 208 ’
586 199 831 272 ausanium
857 201 1025 306 mam

197 396 294 460 saepe
315 371 502 438 subsidium
524 365 807 454 inhaereamus
828 373 978 458 segniter
1003 369 1151 434 intendit
1171 371 1347 454 iussitque,
1387 379 1427 432 nt

196 461 410 523 britannicus
432 466 467 519 et
488 459 686 521 Octauia'iu
709 456 919 540 complexum
941 458 1047 538 patris
1069 463 1259 540 pergerent.
1291 455 1336 517 Et
1357 453 1427 514 Vi·

197 542 319 607 bidiam
352 541 525 626 virginum
559 539 749 604 Vestalium
786 539 1046 604 vetustissimam
1082 541 1210 612 oravit,
1244 537 1427 601 Pontilicis

196 627 331 690 maximi
353 644 452 688 aures
473 622 592 702 adire,
608 623 818 702 clementium
839 630 1007 704 expetere.
1049 621 1159 704 Atque
1186 623 1325 684 interim
1359 621 1427 680 tri-

164 773 173 786 ·
195 705 258 772 bus
279 709 415 770 omnino
437 706 674 770 comitantibus
695 704 745 782 (id
763 714 904 788 repente
932 703 1124 768 solitudinis
1153 701 1240 781 erat)
1270 705 1427 786 spatium

195 791 296 856 Urbis
317 791 456 874 pedibus
479 809 611 852 emensa
636 790 804 867 vehiculo,
831 809 897 872 quo
917 798 1138 875 purgamenta
1151 788 1332 850 hortorum
1350 789 1427 848 eri-

195 877 346 958 piuntur,
370 873 558 936 Ostiensem
578 874 668 935 viam
690 875 807 952 intret,
834 872 932 934 nulls
952 873 1150 954 cuiusquam
1171 869 1427 947 misericordia,

194 962 273 1042 quia
293 958 501 1044 flagitiorum
522 955 716 1020 deformitas
737 953 965 1039 praevalebat.

265 1081 290 1132 l.
310 1075 478 1130 Nannenus
494 1073 610 1142 interes,
627 1071 677 1126 sed
693 1071 784 1125 nuntii
801 1072 938 1137 incedunt,
964 1089 993 1126 s.
1018 1071 1054 1126 ed
1072 1077 1099 1139 1,
1116 1072 1163 1139 38,
1182 1075 1209 1130 3.
1246 1098 1279 1111 -
1305 1085 1427 1137 gnara:

192 1151 225 1204 in
243 1148 306 1203 edd.
326 1148 388 1202 Put.
408 1150 435 1202 1.
454 1148 480 1202 3.
498 1146 612 1210 ignaru
634 1169 666 1184 -
684 1146 828 1209 ιιιῖιιτιιιιι
849 1144 881 1196 in
899 1142 956 1199 MS.
977 1141 1074 1202 Gueli.
1093 1145 1232 1210 offerrent.
1257 1173 1289 1186 ·-
1317 1143 1427 1198 Ιιιιοιιι-

190 1220 283 1273 iionos
300 1219 329 1271 in
346 1217 448 1283 dorlon
465 1234 494 1273 n.
513 1215 550 1270 sd
567 1232 593 1268 c.
612 1219 638 1271 1.
657 1231 687 1270 n.
708 1216 733 1271 1.
771 1213 947 1270 Lucullianos
963 1225 1045 1270 reate
1063 1215 1127 1270 edd.
1151 1215 1215 1270 Ber.
1235 1213 1329 1270 Rhea:
1349 1214 1427 1270 Ald.

192 1299 223 1346 et
239 1291 307 1347 dein
325 1305 436 1344 omnes.
470 1287 629 1340 Fucilianos
646 1284 724 1340 MSS.
748 1287 828 1341 Flor.
854 1285 953 1342 Gueli.
978 1295 1009 1341 et
1032 1287 1171 1354 Broterii,
1195 1286 1240 1341 ed.
1265 1285 1343 1358 Spir.
1367 1285 1427 1352 ful-

191 1363 281 1416 lianae
304 1361 362 1415 MS.
387 1357 458 1414 llud.
483 1359 645 1413 Lucilianos
671 1357 715 1424 (ut
738 1358 910 1426 praediorum
932 1357 1136 1412 Lucilianum
1160 1361 1193 1413 iu
1219 1359 1306 1412 inser.
1328 1358 1427 1412 Grut.

190 1452 220 1506 p·
238 1434 318 1502 894.)
332 1421 414 1488 MSS.
433 1429 503 1507 Reg.
523 1436 553 1485 et
570 1429 640 1506 Agr.
660 1429 832 1483 Lucillianus
850 1429 913 1486 edd.
933 1430 996 1519 Pup
1016 1435 1040 1487 1.
1056 1433 1083 1486 3.
1104 1429 1153 1484 Sic
1171 1438 1202 1485 et
1220 1447 1280 1558 cap:
1296 1433 1342 1486 37.
1364 1431 1427 1484 Lu·

190 1505 321 1560 miliariis
338 1503 402 1559 edd.
421 1501 512 1558 Rhen.
531 1509 561 1558 et
578 1517 640 1573 sqq.
659 1499 822 1556 Lucullanis
839 1501 884 1558 ed.
902 1501 967 1558 Ber.
986 1502 1143 1558 Lucilianis
1151 1500 1230 1556 MSS.
1275 1501 1331 1560 lor.
1343 1503 1427 1580 Reg.

190 1576 260 1654 Agr.
281 1575 325 1632 ed.
346 1575 423 1646 Spir-
443 1574 506 1633 Put.
526 1578 550 1630 l.
570 1575 596 1628 3.
617 1571 748 1626 muenia
765 1571 844 1628 MSS.
865 1573 962 1628 Gueli.
982 1573 1106 1628 Bud.-
1125 1573 1427 1637 dissimulassemus,

189 1657 225 1704 ut
243 1651 286 1716 1⁵,
305 1650 349 1704 33.
368 1661 424 1717 pro
442 1647 510 1702 dise.
528 1643 617 1706 necui,
635 1642 666 1696 b.
685 1661 709 1696 e.
728 1652 824 1698 metus
848 1645 1054 1700 dissimulaudi
1078 1662 1177 1712 causam
1204 1644 1294 1702 Rhea.
1314 1646 1360 1700 Gi.
1388 1645 1427 1698 sd

140 1731 144 1746 '
188 1725 218 1788 ³2
236 1723 281 1783 30,
300 1722 327 1776 3.
347 1716 411 1772 lud.
431 1716 483 1770 111.
502 1735 531 1770 v.
550 1715 672 1770 Daliuus
689 1715 725 1770 N.
745 1718 771 1771 3.
792 1724 822 1771 et
840 1719 866 1773 7.
885 1715 1056 1770 dissimulata
1065 1717 1123 1772 MS.
1144 1717 1244 1772 Guell.
1264 1725 1332 1770 necis
1349 1716 1427 1772 edd.

188 1807 301 1848 omnes.
320 1796 412 1842 netum
430 1785 509 1844 MSS.
529 1785 608 1840 Flos.
627 1786 699 1842 Bud.
720 1787 969 1852 —digrediuntur
986 1787 1044 1842 MS.
1064 1789 1144 1843 Flos.
1169 1789 1214 1846 ed.
1235 1788 1311 1861 Spir.
1331 1789 1427 1846 Picb.

189 1871 220 1920 st
238 1880 297 1918 rec.
317 1860 474 1926 digreditur
492 1857 572 1914 MSS.
593 1857 692 1915 Gueli.
711 1857 783 1916 Bud.
803 1859 866 1916 edd.
886 1867 942 1914 cet.
979 1859 1144 1931 Utrumque
1167 1879 1184 1916 s
1206 1870 1270 1914 ιιιιιι
1287 1859 1318 1918 1ι.
1338 1861 1359 1914 l.
1389 1893 1427 1904 -

189 1933 372 1988 dilabentibus
394 1930 474 1986 MSS.
493 1930 578 1986 Flor.
593 1929 693 1986 Guell.
719 1929 783 1984 edd.
809 1929 885 2002 Spir.
904 1929 997 1986 Rhen-
1015 1935 1043 1989 3.
1062 1935 1089 1988 3.
1121 1939 1150 1986 et
1194 1932 1279 1988 einde
1302 1947 1425 1990 omnes.

188 2005 385 2060 diliabentibue
402 2003 465 2056 edd.
485 2001 548 2054 Pus.
568 2006 594 2056 1.
613 2003 640 2058 2.
659 2001 723 2055 Ber.
742 1999 834 2056 Rben.
853 2007 879 2058 l.
899 2033 932 2046 -
957 2005 1061 2069 affuere
1078 2003 1144 2057 edd.
1163 2004 1227 2056 Put.
1248 2009 1272 2060 l.
1292 2007 1318 2062 3.
1344 2004 1425 2060 Ber.

189 2075 283 2132 llben.
310 2075 349 2132 sl
377 2074 491 2138 adsum
512 2070 591 2126 MSS.
617 2072 697 2128 Flac.
723 2072 824 2128 Gueli.
849 2073 910 2128 edd.
937 2075 1078 2147 quaedem
1105 2091 1165 2130 rec.
1194 2075 1339 2140 adfuerunt
1373 2079 1425 2134 ed

190 2147 209 2204 8
231 2150 267 2202 ir.
305 2173 339 2184 —
362 2145 512 2212 inditaque·
525 2149 588 2197 esni
613 2143 715 2209 cincla,
742 2161 770 2198 ι.
789 2145 825 2198 sd
842 2147 870 2212 3,
888 2147 933 2213 38,
950 2149 979 2204 3.
1005 2145 1097 2201 uincla
1114 2145 1192 2204 MSS.
1214 2145 1295 2205 Flos.
1314 2147 1425 2204 Gueli.

190 2167 254 2276 edo.
273 2216 364 2273 Bekis.
383 2218 411 2273 3.
428 2213 545 2272 Walth.
564 2214 673 2267 uncum
691 2215 754 2269 edd.
774 2217 830 2272 rel.

166 2296 168 2300 ’
260 2293 287 2347 3.
312 2303 357 2344 rec
380 2287 512 2341 aduncae
535 2285 676 2340 concilium
702 2287 859 2354 eximerent,
885 2305 913 2342 v.
939 2287 976 2344 ad
994 2293 1021 2355 1,
1038 2292 1083 2356 33,
1102 2294 1128 2346 1.
1165 2289 1309 2346 ecinereni
1332 2292 1427 2349 MSS.

190 2364 271 2420 Flor.
290 2360 314 2414 ll
354 2396 361 2412 .
381 2357 481 2413 Gueli.
499 2357 582 2414 Bodl.
600 2357 673 2439 But,
691 2358 762 2435 Agr.
781 2359 844 2416 edu
862 2356 942 2431 Spir.
960 2361 1032 2415 Eru.
1053 2368 1083 2415 et
1100 2379 1160 2418 rec.
1179 2364 1328 2420 adiuuent
1345 2367 1423 2422 edd.

189 2435 244 2492 rel.
281 2432 369 2485 Paua
386 2437 453 2502 post
471 2429 596 2498 cuspide
612 2429 721 2498 marito,
741 2431 811 2498 quod
826 2431 975 2486 meridiam
990 2432 1123 2486 laeuam
1147 2433 1190 2488 ed.
1210 2435 1287 2506 Spir.
1311 2471 1344 2482 .-
1373 2441 1425 2492 i...

95 2514 97 2520 s
189 2505 287 2570 mdis,
305 2505 345 2560 cf.
364 2502 428 2556 lud.
447 2501 485 2558 11.
508 2529 541 2540 -
559 2499 699 2570 iussitque,
724 2509 767 2569 ut,
791 2521 821 2559 v.
841 2502 877 2555 sd
895 2505 924 2568 4,
949 2505 1038 2571 33,1.
1074 2505 1186 2572 Voluit,
1209 2507 1426 2565 Britannicum

189 2587 221 2634 et
239 2577 385 2632 Octaviam
402 2589 535 2658 pergere,
554 2589 649 2642 neque
666 2581 765 2627 manen
782 2573 982 2645 praesentibus
1006 2573 1039 2630 id
1055 2579 1214 2649 praecepit,
1243 2579 1292 2634 sed
1319 2583 1360 2635 im
1389 2599 1425 2638 e-

190 2651 268 2704 revit
286 2646 415 2704 servitiis
434 2663 503 2710 suus,
521 2651 556 2698 ut
572 2643 776 2698 Britannicum
794 2653 824 2700 et
842 2645 902 2700 Oct.
921 2655 1076 2702 monerent
1092 2665 1220 2726 pergere
1238 2652 1270 2705 in
1284 2601 1425 2726 compie-

189 2737 260 2776 xum
278 2719 386 2802 patris,
407 2715 512 2771 Walllt.
532 2716 651 2784 iurique
667 2716 724 2770 MS.
750 2715 850 2772 Gusli.
876 2717 1001 2786 ιιιιίιίᾳιιι
1027 2717 1087 2772 MS.
1111 2719 1192 2774 illor-
1220 2731 1285 2778 test.
1310 2725 1422 2784 Furia.

191 2825 224 2838 ..
248 2789 402 2848 Vibidiam:
423 2789 455 2842 in
473 2785 529 2840 MS.
548 2785 619 2840 Bud.
638 2789 784 2844 urbidioan.
812 2821 846 2832 -
864 2789 1002 2854 sairginun
1025 2791 1174 2846 Vestalium
1197 2795 1424 2866 uetustissima,

190 2881 265 2936 quae
282 2861 373 2938 vulgo
396 2857 511 2913 manino
534 2858 694 2925 dicebatur,
726 2860 794 2932 quia
819 2859 854 2914 ab
880 2869 973 2916 estate
998 2860 1046 2916 bis
1070 2863 1235 2942 virginibus
1259 2879 1421 2938 praesum

190 2936 268 3004 Lipe.
288 2933 333 2987 Cf.
353 2931 414 2986 eius
433 2929 510 2984 liber
527 2929 561 2984 de
578 2932 665 2985 Vesta
684 2947 709 2984 c.
729 2933 754 2986 l.
792 2931 1031 2997 „Vetustissimarn
1048 2932 1078 2992 h.
1099 2934 1119 2987 1.
1145 2955 1207 2992 esse
1234 2956 1306 3010 quae
1325 2943 1423 2994 naxi-

191 3023 234 3062 ma
252 3013 304 3072 est,
321 3003 408 3058 facile
432 3002 637 3067 concesserim,
661 3019 750 3073 quum
775 3003 959 3074 plerumque,
987 3023 1060 3075 quae
1084 3005 1255 3083 dignatione
1282 3027 1314 3064 ac
1336 3013 1421 3080 loco,

191 3079 279 3134 etiam
298 3083 389 3130 aetate
407 3071 604 3146 praecederet,
624 3083 705 3129 certe
723 3075 807 3128 annis
825 3075 989 3130 sacerdotii.
1015 3075 1071 3132 Sed
1088 3079 1198 3132 naeini
1214 3083 1334 3154 proprie
1353 3101 1422 3138 nau

192 3149 364 3204 dicebantur
381 3154 451 3200 natu
470 3145 601 3211 maximi,
620 3161 724 3215 neque,
745 3145 823 3216 quod
841 3144 964 3202 Guther.
984 3147 1019 3203 de
1039 3150 1102 3204 iure
1120 3152 1226 3219 pontii.
1248 3159 1273 3220 l,
1291 3158 1317 3211 l·
1343 3173 1421 3226 per-

191 3238 292 3292 peram
310 3216 471 3282 contendit,
491 3215 542 3286 qui
560 3218 682 3270 maximi
701 3225 795 3272 esseut
812 3219 941 3290 imperii,
960 3219 1008 3274 sed
1026 3221 1175 3292 principes
1199 3223 1329 3304 collegii,
1361 3229 1422 3298 qui

192 3294 320 3364 prunum
341 3290 420 3342 inter
436 3285 566 3367 collegas
593 3287 690 3342 locum
708 3297 844 3344 tenerent
868 3289 1086 3367 collegiumque
1110 3303 1249 3370 cogerent
1272 3305 1359 3368 atque
1389 3301 1421 3353 ei

192 3362 402 3436 praesiderent,
421 3367 455 3412 ut
470 3359 608 3425 pontifex,
626 3375 724 3424 augur,
749 3362 824 3414 acrio
842 3363 979 3419 macinas.
1018 3361 1181 3420 Gutberius
1205 3367 1281 3424 mele
1303 3385 1422 3440 provo-

193 3441 242 3490 cat
258 3435 295 3488 sd
312 3433 376 3487 loca
394 3430 457 3482 Lis.
477 3433 503 3495 7,
522 3433 548 3485 3.
567 3437 606 3496 ut,
625 3432 671 3498 qui
686 3439 831 3499 praetor
848 3433 1013 3488 nucinas
1031 3435 1081 3498 sii,
1098 3436 1190 3492 idibus
1207 3439 1281 3508 Sept.
1307 3443 1422 3495 classen

192 3511 307 3574 pangat,
327 3511 357 3559 et
375 3500 436 3584 Cic.
463 3501 495 3554 in
512 3500 577 3582 l’is.¹
588 3506 613 3558 1.
640 3517 679 3555 ne
697 3519 772 3571 quun
786 3511 952 3571 macriorem
976 3505 1006 3559 in
1023 3507 1129 3574 prinis,
1147 3509 1263 3564 acation
1283 3513 1419 3580 priorem,

191 3583 344 3646 praetorem
359 3589 470 3640 ρνιιιιιιιιι
487 3579 591 3624 cunctas
607 3574 753 3639 suffragiis
767 3578 883 3642 populus
900 3576 975 3632 lton.
1001 3577 1130 3641 faciebat.
1168 3581 1203 3634 ln
1228 3583 1281 3636 illo
1302 3593 1422 3652 maeror

194 3647 323 3702 necinus
340 3652 386 3700 est
404 3643 546 3698 maxianus
564 3660 593 3695 m
634 3645 766 3712 'stratum
785 3647 818 3700 in
835 3646 1004 3702 hocGicero
1018 3652 1218 3707 tantummodo
1236 3661 1302 3709 ante
1320 3656 1420 3712 colle-

195 3737 245 3798 gas
264 3737 294 3774 se
311 3716 510 3772 renuntiatum
529 3715 604 3792 sign'
628 3723 682 3769 cat.
718 3718 839 3772 Festus:
864 3719 1033 3773 Maiorem
1058 3726 1227 3777 consulent
1252 3727 1285 3780 L.
1307 3727 1419 3783 Cacsar

89 3819 94 3829 ι
193 3797 271 3860 pulcl
289 3790 347 3844 dici
363 3789 408 3840 uel
424 3802 491 3853 eun,
506 3801 590 3853 penes
608 3803 681 3856 maen
707 3791 798 3856 fasces
823 3791 889 3857 sint,
912 3793 957 3844 oel
981 3807 1046 3860 esan,
1074 3795 1119 3862 qui
1137 3796 1219 3862 prior
1246 3799 1338 3863 faetus
1356 3801 1419 3868 sits

193 3869 342 3932 praetorem
359 3865 445 3912 oulen
463 3857 624 3912 maiorem
643 3860 714 3925 (non
723 3860 871 3927 naeinam)
887 3863 1024 3930 urbanum,
1042 3866 1189 3920 minares
1207 3875 1316 3924 ιιιιιιιι.
1338 3871 1420 3926 Ma.

195 3935 317 3988 simum
332 3936 530 4000 praetorem
548 3929 606 3984 dici
621 3938 718 3998 putatu
735 3933 790 3986 alii
806 3949 871 3998 eon,
895 3935 941 4004 qui
957 3935 1068 3990 naaini
1084 3937 1191 4007 inperii
1207 3941 1255 4009 sil,
1282 3941 1344 4009 alii,
1369 3944 1422 4012 psi

195 4005 297 4059 celatis
314 4003 454 4056 maximae.
474 4001 637 4068 (Veriorem
655 4021 717 4058 esse
734 4005 864 4076 priorem
882 4008 1064 4075 sententiam,
1084 4008 1177 4080 liquet
1195 4029 1231 4066 ex
1248 4013 1312 4070 biv.
1323 4017 1351 4082 ⁷,
1370 4013 1421 4084 3.)

180 4079 250 4134 =Pf⁰
276 4075 395 4140 “illidi‘’
417 4085 548 4154 “ligurum
571 4073 702 4129 decrelom
728 4081 778 4141 est,
813 4077 883 4145 qaod
907 4079 937 4130 in
954 4077 1062 4133 Salutis
1085 4081 1204 4147 augurio
1225 4091 1420 4152 praetores

196 4149 345 4202 maiores
362 4151 388 4198 et
405 4159 552 4197 minores
568 4145 745 4213 appellentur,
763 4163 816 4200 non
833 4149 871 4202 ad
887 4155 1010 4214 aetatem,
1029 4151 1078 4204 sed
1094 4155 1131 4205 ad
1147 4153 1199 4206 oin
1225 4156 1335 4224 inperii
1350 4175 1420 4227 per.

196 4221 294 4274 tinere.
330 4218 390 4300 Aut
407 4215 553 4271 consentit
577 4214 635 4270 boo
661 4233 729 4272 cum
751 4219 856 4292 primis
874 4221 954 4275 Festi
978 4223 1074 4278 serbis
1093 4230 1143 4278 sut
1165 4233 1307 4292 ponerem
1323 4230 1420 4282 maio.

164 4319 167 4323 ·
195 4307 241 4346 res
260 4299 290 4347 at
305 4305 420 4344 minores
438 4293 506 4342 sunt
524 4288 656 4344 consules
675 4294 885 4362 etprsetares:
904 4307 971 4348 nam
990 4293 1147 4366 imperium
1165 4299 1263 4354 minus
1280 4309 1419 4373 praetor,
