2872 4786
207 235 354 303 aanor
373 235 501 304 xxxi.
523 235 667 306 xxrm.
688 196 796 320 (15.
816 238 887 308 aro.
909 238 950 306 A.
966 238 1004 306 o.
1024 241 1092 317 oo.)
1187 241 1257 310 mr
1291 285 1297 288 -

36 407 105 462 ore.
123 424 156 480 p.
175 383 259 462 nin.
276 403 340 460 nm.
359 419 385 464 ι.
402 403 451 464 at
468 403 552 460 mer.
569 403 606 462 aa
623 421 726 478 mon.
752 421 799 476 ιι.
818 402 886 463 aaa.
908 407 987 530 &a
1005 413 1036 462 es
1051 407 1098 464 ιι.
1124 405 1170 462 or.
1191 406 1256 462 na.

36 481 94 534 111.
124 497 154 532 v.
177 477 335 546 Appositio.
354 505 389 519 -
429 475 558 532 Viderint
579 477 632 532 s'sts'
658 493 698 532 sc.
723 477 801 533 ms'
830 475 907 532 etc
958 477 1032 536 daei.
1073 477 1172 546 Panlo
1188 486 1256 550 post

35 549 108 637 mili
133 557 201 605 unte
226 548 320 615 ignati
343 549 483 632 omissum
506 549 539 602 in
556 549 613 636 tls.
631 548 701 677 Re}-
721 495 804 636 'mog
819 564 875 622 pro
891 547 956 604 milti
976 557 1005 606 et
1022 549 1092 604 ortis
1108 565 1163 621 pro
1181 555 1257 636 ortes

37 641 72 678 ιιι
91 623 149 682 MS.
171 620 270 678 Gneli·
305 627 402 676 mentm
417 635 552 690 prenespu
568 639 600 676 ιιι
618 619 660 678 ed
699 637 757 692 prr.

454 735 647 820 carun
687 730 836 822 xxiru.

121 873 306 956 Loquentis
327 869 435 936 adhuc
455 871 560 936 verbs
581 873 704 956 excipit
723 871 870 947 Soranus
914 869 1155 955 roclamatque:
1192 891 1256 936 non

36 957 128 1022 illam
159 959 193 1020 in
216 957 413 1037 provinciam
441 975 542 1018 arcum
567 957 758 1038 profectam,
800 975 864 1020 non
891 891 1011 1022 d'lauto
1035 977 1094 1036 per
1121 964 1256 1020 oetatem

35 1043 134 1104 nosci
151 1044 306 1121 potuisse,
339 1057 404 1102 non
432 1039 615 1104 criminibus
635 1042 746 1106 mariti
772 1057 961 1102 connexam.-
992 1043 1106 1104 nimiae
1134 1049 1256 1102 tontum

32 1128 174 1206 pietatis
196 1143 278 1186 ream
298 1135 495 1204 separarent,
526 1131 623 1204 atque
653 1127 722 1204 ipse
742 1142 955 1206 quamcunque
980 1134 1096 1186 sortem
1121 1122 1255 1187 subiret.
1340 1171 1348 1188 .

36 1208 150 1268 Simul
170 1206 206 1268 in
227 1206 396 1288 amplexus
411 1209 619 1269 occurrentis
631 1207 719 1269 filiae
737 1207 867 1286 ruebat,
888 1209 955 1268 nisi
969 1206 1137 1269 interiecti
1159 1207 1255 1268 lioto-

36 1311 93 1352 res
116 1292 269 1371 utrisque
291 1289 502 1352 obstitissent.
533 1289 616 1352 Mox
637 1287 734 1352 datus
755 1291 893 1352 testibus
915 1291 1019 1368 locus,
1041 1297 1075 1352 et
1095 1297 1256 1372 quantum

35 1372 290 1436 misericordiae
311 1373 454 1434 saevitia
478 1374 697 1434 accusationis
720 1380 947 1455 permoverat,
975 1381 1104 1436 tanum
1126 1375 1197 1434 irae
1219 1371 1255 1434 P.

35 1457 200 1543 Egnatius
221 1455 315 1518 testis
336 1457 494 1518 concivit.
537 1454 650 1518 Cliens
671 1456 726 1518 hio
747 1455 869 1518 Sorani
895 1463 929 1518 et
957 1461 1037 1518 tuno
1061 1461 1190 1536 emptus
1213 1451 1255 1516 ad

35 1536 294 1626 opprimendam
319 1538 463 1600 amioum
490 1539 723 1600 anctoritatem
744 1536 877 1600 Stoicae
908 1545 1018 1600 sectae
1046 1537 1255 1620 praelerebat

34 1621 156 1684 habitu
183 1629 218 1684 et
251 1639 313 1683 ore
348 1619 390 1682 ad
423 1619 677 1700 exprimendam
706 1621 885 1706 imaginem
915 1620 1047 1684 honesti
1078 1621 1254 1692 exercitus,

34 1713 187 1764 ceterum
214 1703 325 1762 animo
357 1701 565 1781 perfidiosus,
599 1699 772 1779 subdolus,
803 1702 980 1766 avaritiam
1011 1721 1049 1764 ac
1079 1699 1255 1764 libidinem

33 1784 219 1848 occultans.
261 1781 351 1846 Quae
382 1790 556 1866 postquam
582 1784 724 1866 pecunia
751 1783 881 1846 reclusa
908 1792 997 1862 sunt,
1029 1781 1123 1845 dedit
1144 1801 1254 1846 exom-

32 1869 132 1950 plum
158 1863 391 1949 praecavendi,
423 1864 588 1949 quomodo
621 1863 793 1928 fraudibus
827 1867 995 1931 involutos
1023 1873 1083 1928 ant
1112 1866 1253 1952 flagitiis

31 1947 305 2027 commaculatos,
337 1948 385 2011 sic
416 1951 527 2032 specie
558 1949 722 2012 bonarum
748 1949 874 2012 artium
900 1949 999 2012 lateas
1026 1959 1061 2022 et
1086 1950 1253 2012 amicitiae
1317 2019 1320 2024 ,

31 2033 178 2096 fallaces.

108 2118 134 2170 1.
161 2129 214 2166 non
228 2111 305 2166 illan
322 2110 415 2166 filiam
438 2112 468 2165 in
484 2111 650 2180 omniscium
666 2127 752 2168 seman
768 2114 929 2182 profectam,
947 2112 980 2169 in
996 2112 1103 2169 Asiam.
1122 2111 1169 2168 Gi.
1188 2129 1251 2186 cap.

31 2187 245 2242 1151311-
280 2197 333 2236 non
354 2183 490 2239 Rubellio
508 2183 605 2238 Plauto
630 2185 710 2252 per(
738 2201 771 2239 ro
793 2184 857 2253 ter)
884 2190 997 2239 oetatem
1019 2185 1097 2245 nasei
1118 2187 1251 2252 potuisse,

33 2259 73 2310 ci.
95 2273 157 2327 cap.
176 2259 211 2312 3⁰
228 2255 322 2326 princ.
341 2255 459 2311 Plautus
479 2254 641 2312 trucidatus
665 2274 691 2311 s.
711 2202 746 2310 R
764 2259 832 2327 815.
859 2255 899 2324 (r.
919 2259 964 2323 14,
981 2257 1041 2325 59.)
1067 2263 1097 2312 et
1119 2256 1182 2310 filia
1199 2255 1253 2311 So-

32 2327 101 2380 rani
126 2328 203 2381 intra
220 2328 393 2381 vicesimum
416 2326 517 2382 aetatis
543 2335 741 2382 annumerat.
765 2347 796 2382 r.
814 2345 846 2383 oa
870 2331 938 2385 .3o.
956 2328 1066 2383 Plautio
1090 2327 1148 2384 tls.
1168 2327 1250 2382 Flor.

31 2397 123 2463 (teste
141 2397 246 2467 Furia)
264 2406 294 2452 et
312 2398 355 2454 ed.
374 2397 453 2470 Spir.
473 2429 507 2442 -
530 2393 700 2452 'criminibus
721 2399 817 2453 mariti
865 2400 930 2454 nnii
946 2401 1095 2455 Pollionis.
1120 2398 1167 2456 ci.
1186 2415 1270 2470 cap..

29 2473 69 2526 3⁰
89 2478 164 2527 extr.
184 2501 217 2513 -
254 2469 370 2536 „ninsioe
387 2477 487 2523 tantum
503 2467 617 2551 rimatis
633 2484 718 2534 ream,
742 2486 857 2555 caussrn
883 2472 944 2525 sius
962 2491 979 2526 s
997 2490 1057 2537 sus,
1083 2477 1251 2538 separarent,

30 2541 705 2694 tttttttt‘ttf‘tttttildtttttt
724 2540 1251 2680 ttfttttfttlttttttttt}

30 2702 80 2754 sp.
105 2681 185 2737 Suet.
204 2684 290 2754 vesp.
309 2699 335 2737 c.
354 2685 398 2742 19.
434 2689 536 2736 centum
562 2683 618 2736 sits
640 2682 769 2736 scotatio
793 2683 889 2736 darent
912 2697 947 2734 oc
970 2698 999 2734 se
1021 2681 1066 2735 ael
1082 2681 1111 2734 in
1132 2683 1250 2736 Tiberim

28 2753 228 2822 proiicerent.“
251 2755 318 2812 lirn.
354 2761 510 2822 separarent
534 2759 613 2820 atque
637 2753 697 2820 ipse
722 2769 764 2822 qu.
784 2770 807 2810 s.
825 2771 849 2811 s.
876 2751 953 2808 MSS.
972 2753 1053 2808 Flor.
1071 2751 1141 2840 ling.
1162 2752 1248 2807 Gorb.

30 2825 117 2881 Harl.
143 2825 171 2890 (a
188 2841 227 2879 m.
244 2826 315 2889 seo.)
337 2825 362 2879 A
400 2863 407 2878 .
436 2825 500 2883 edd.
525 2823 545 2879 S
568 2824 605 2878 ir.
629 2823 723 2895 llyck.
752 2842 814 2897 sqq.
854 2824 915 2894 ipse
946 2825 1087 2879 omissum
1110 2843 1142 2878 ιιι
1168 2821 1247 2881 MSS.

30 2897 118 2950 llnrl.
137 2895 169 2962 (a
186 2911 224 2953 m.
243 2897 305 2968 pr.)
323 2897 364 2952 Bo
397 2843 688 2952 .1es.BudGueli.
724 2904 882 2964 separarent
905 2913 923 2950 o
940 2913 969 2950 se
987 2911 1161 2978 quamcunque
1177 2910 1202 2946 s.
1222 2909 1246 2950 s.

31 2968 97 3024 edd.
116 2969 178 3024 Put.
199 2972 224 3024 1.
244 2969 270 3024 l.
288 2977 319 3023 et
335 2977 391 3022 cet.
411 2977 478 3022 ante
495 2967 587 3039 Ryck
608 2998 642 3010 -
677 2969 782 3032 ructat,
799 2967 856 3021 nisi
871 2967 919 3022 int.
939 2969 1049 3022 lictores
1065 2973 1184 3032 utresque
1202 2965 1249 3017 ot·

30 3041 179 3104 stitissent,
198 3041 235 3093 ci.
254 3039 291 3092 ad
308 3043 335 3106 1,
353 3041 399 3106 35,
416 3043 444 3098 3.
464 3046 495 3094 et
510 3037 572 3096 tut
590 3036 645 3094 111.
662 3056 690 3094 v.
713 3039 859 3094 Verborum
883 3039 953 3094 modi
969 3038 996 3108 l,
1015 3043 1040 3096 1.
1078 3035 1248 3092 adstitissent

29 3111 152 3176 utrisque
169 3107 227 3164 MS.
248 3111 345 3165 Gusli.
420 3143 426 3158 ·
515 3155 522 3166 .

102 3185 130 3238 2.
155 3187 276 3249 montana
299 3179 501 3237 misericordiae
523 3179 603 3236 MSS.
626 3179 707 3235 Flos.
732 3177 817 3244 (teste
834 3180 926 3246 vict.)
952 3182 1027 3236 Vnt.v
1041 3177 1147 3252 lipsii,
1172 3179 1214 3234 tte
1238 3171 1257 3235 ,⁸

31 3251 118 3307 θοι-5.
145 3251 208 3310 edd.
237 3250 317 3324 Spir.
345 3253 423 3324 Lips.
450 3271 515 3325 sqq.
551 3259 673 3320 quonium
695 3268 763 3304 nunc
786 3250 862 3308 MSS.
888 3251 972 3306 Harl.
992 3252 1074 3306 Bodl.
1100 3252 1154 3308 les.
1174 3251 1217 3304 Bu

28 3324 131 3380 Gaels.
151 3332 181 3378 st
198 3323 261 3380 edd.
279 3333 336 3380 cet.
372 3340 440 3377 nunc
457 3331 559 3378 natum
577 3341 614 3380 ex
631 3324 746 3378 concisa
764 3325 878 3379 ratione
896 3323 1041 3379 scribendi
1058 3321 1144 3388 nloe;
1168 3322 1245 3392 Line.

30 3429 63 3440 -
87 3402 267 3464 memorarat,
297 3399 337 3451 ci.
365 3395 401 3451 sd
425 3399 451 3460 1,
478 3398 523 3462 21,
549 3399 576 3453 1.
621 3401 787 3464 promoverat
811 3396 855 3452 ed.
886 3395 964 3468 Spir.
983 3427 1017 3440 -
1053 3401 1160 3450 lantum
1185 3395 1247 3448 irae

28 3469 60 3524 Ρ.
80 3467 225 3534 Egssots'as
248 3470 399 3534 occultans,
432 3467 469 3522 oi.
497 3465 533 3520 sd
556 3483 617 3538 asp.
641 3469 684 3524 3⁰.
710 3484 739 3520 n
757 3470 784 3524 1.
822 3474 924 3522 tantum
946 3467 1009 3522 s'rae
1030 3468 1064 3523 Ρ.
1093 3467 1245 3533 Egnatius:

28 3543 61 3595 in
88 3539 133 3596 ed.
158 3537 237 3611 Spin.
274 3547 374 3594 wntum
403 3537 433 3590 s'n
462 3554 536 3606 repa.
561 3538 708 3605 Egnatius,
738 3538 771 3592 in
797 3537 854 3596 ltts.
885 3539 957 3616 Agr
996 3544 1097 3593 tantum
1124 3537 1247 3592 invidiae

27 3609 177 3678 Egnatius.
201 3641 236 3654 ·-
276 3609 465 3666 auctoritatem
490 3609 600 3664 Stoicae
623 3615 713 3662 sectae
742 3611 924 3678 massucior,
955 3629 984 3668 v.
1003 3609 1039 3664 ad
1059 3613 1086 3676 1,
1108 3613 1144 3667 53
1170 3617 1245 3686 extr.

27 3715 61 3728 -
81 3682 180 3736 natira
197 3687 224 3736 et
241 3697 288 3736 ore
304 3683 344 3736 ad
359 3681 554 3750 erpnnenran
570 3681 715 3746 imaginem
731 3680 837 3735 honesti
860 3679 1005 3747 exercitus,
1028 3689 1141 3736 ceterum
1158 3679 1246 3732 onina

25 3753 192 3822 perfidiosus
208 3785 242 3798 -
261 3755 409 3808 occultans.
445 3753 491 3808 lta
508 3751 566 3809 MS.
578 3753 649 3829 Agr.
668 3751 731 3810 edd.
751 3751 830 3810 Pieli.
851 3773 913 3825 sqq.
932 3770 948 3806 e
966 3751 1245 3824 coniecturahlpsii,

26 3843 102 3898 quae
119 3825 255 3879 firmator
271 3826 335 3880 loco
354 3822 455 3882 simill.
476 3826 522 3888 15,
540 3825 585 3882 45.
620 3823 667 3878 tte
685 3826 792 3879 Graeca
811 3824 935 3880 doctrino
951 3832 1089 3879 oretenus
1109 3823 1243 3876 exercitus

26 3899 144 3950 animum
161 3895 238 3950 tants
254 3898 358 3952 artibus
375 3912 428 3950 non
443 3895 578 3956 induerat.
614 3895 670 3950 cui
687 3897 753 3950 loco
770 3898 927 3968 respondet
947 3897 1000 3953 ille
1019 3893 1192 3964 Quintiliani
1211 3893 1243 3946 in

26 3969 162 4022 Prooem.
185 3967 237 4021 lib.
255 3968 279 4025 1.
307 3970 376 4025 inst.
401 3984 445 4022 or.
471 3966 495 4034 ἕ.
518 3968 562 4025 15.
602 3967 726 4022 Veterum
751 3969 856 4036 quidem
886 3969 1038 4036 sapientiae
1066 3968 1243 4036 professorum

26 4041 125 4094 multoe
143 4046 170 4093 et
187 4038 298 4094 nonesto
311 4038 497 4108 praecepisse,
521 4045 556 4108 et,
581 4045 610 4092 ut
633 4047 834 4108 praeceperunt,
857 4039 938 4093 etiarn
955 4039 1058 4093 oirisse
1077 4036 1163 4104 facile
1179 4051 1242 4087 con·
1286 4077 1290 4084 .

26 4111 171 4176 cesserimq
199 4112 303 4166 nostris
319 4127 384 4166 aero
401 4109 560 4178 temporibus
580 4109 629 4164 mo
645 4109 696 4166 lsoo
713 4110 816 4167 nomine
831 4111 946 4166 munina
971 4111 1002 4166 in
1020 4109 1155 4177 plerisque
1172 4105 1242 4159 vitia

27 4184 181 4236 tatsersstr
205 4197 259 4237 son
275 4181 344 4238 enin
360 4182 460 4238 uirtute
476 4197 511 4236 ac
527 4181 635 4250 studiis,
658 4189 687 4236 st
704 4181 867 4238 monentur
882 4181 1047 4254 philosophi,
1070 4178 1240 4260 laborabant,

27 4254 78 4308 ssd
93 4255 194 4310 adin
219 4261 246 4310 et
262 4251 407 4312 tristitiom
429 4253 671 4312 numentinum
693 4270 713 4307 a
728 4255 827 4312 ceteris
850 4253 968 4310 toton
986 4251 1107 4323 pessimis
1124 4249 1241 4304 nonius
