2826 4792
232 200 380 283 curor
399 217 507 285 xm.
523 217 652 285 xvor.
680 220 733 293 (n
746 219 875 289 uren.
892 221 937 288 n.
954 221 991 288 o.
1004 187 1073 305 ιι.)
1210 221 1254 292 ιι
1318 181 1324 189 ’

40 399 95 436 ω.
110 381 175 438 sss
195 383 263 440 oss.
281 381 376 440 mes.
395 401 459 456 sqq.
479 353 732 456 uuonan...
749 385 833 442 uss
855 386 957 444 ouen.
978 351 1064 444 'ussi
1090 377 1171 443 oso.
1195 387 1250 442 na

40 455 94 510 edd
112 453 194 526 Spir.
215 457 280 508 Fut.
301 462 327 512 1.
346 459 373 512 2.
393 473 423 510 v.
442 456 478 510 sd
496 459 532 512 G.
553 461 598 513 4⁰.
617 477 647 516 n.
667 465 692 515 l.
720 489 752 504 ·-
774 458 931 514 (iles-uscos
948 459 1029 516 MSS.
1049 459 1130 514 lllors
1151 459 1249 516 cusu.

39 525 93 582 edd.
112 525 192 600 Spir.
212 529 278 580 Pul.
296 531 323 586 l.
342 529 369 584 2
388 526 480 582 Rhen-
497 531 526 586 2.
544 531 571 586 ³.
590 538 620 584 et
637 548 702 604 sqq.
721 529 866 584 elllruscas
885 531 949 585 edd.
968 532 1033 587 Ber.
1051 527 1141 589 liban.
1162 538 1186 588 l.
1245 535 1248 547 '

453 679 647 736 onror
699 659 840 742 xvsls.
1181 743 1187 748 .

110 787 179 850 Per
196 787 286 851 idem
308 797 440 872 tempus
462 785 598 866 Chauci,
627 790 720 852 nulla
741 790 947 854 dissensione
973 789 1064 856 domi
1090 802 1124 856 et
1144 800 1252 856 morte

37 869 206 953 Sanquinii
239 871 376 952 alacrcq
409 870 488 934 dum
517 870 665 935 Corbulo
694 871 863 947 adventat,
891 877 1087 939 inferiorem
1114 873 1252 938 Germa·

36 955 122 1014 niam
147 955 366 1018 incursavere
392 953 477 1016 duce
498 951 685 1034 Gannasco,
712 959 770 1037 qui
802 959 937 1019 natione
958 955 1167 1032 Canninelns,
1196 977 1253 1016 an·
1322 962 1327 972 '

36 1037 149 1097 xiliare
170 1055 225 1097 aes
247 1035 305 1098 din
328 1039 478 1114 meritus,
501 1045 577 1117 post
598 1039 781 1121 transfuga,
802 1039 931 1099 levibns
948 1038 1091 1124 navigiis
1113 1035 1253 1119 praeda-

37 1117 163 1182 bundus
196 1117 372 1180 Gallorum
399 1121 549 1180 maxime
571 1138 665 1180 oram
684 1117 853 1195 *vastaban
888 1137 955 1180 non
985 1120 1135 1206 ignarus,
1166 1107 1280 1182 dites‘

35 1209 66 1260 et
85 1201 236 1262 imbelles
252 1221 333 1263 esse.
375 1201 420 1264 At
435 1198 581 1264 Corbulo
604 1203 813 1281 provinciam
837 1203 1007 1285 ingressus
1029 1221 1150 1289 magua
1177 1223 1253 1266 cuns

36 1301 114 1344 curs
138 1291 174 1344 et
200 1303 278 1344 mox
298 1285 420 1369 gloria,
452 1285 506 1345 cni
534 1283 739 1365 principium
764 1283 821 1344 illa
848 1280 969 1346 militia
990 1285 1064 1357 luit,
1096 1287 1253 1356 triremes

34 1365 126 1426 alveo
149 1365 270 1442 Rheni,
293 1377 422 1428 ceteras
443 1367 591 1444 navium,
614 1374 653 1428 ut
673 1383 822 1448 quaeque
843 1365 981 1443 habiles,
1003 1387 1065 1448 per
1085 1371 1253 1429 aestuaria
1339 1441 1341 1447 y

34 1457 66 1508 et
95 1449 201 1510 beses
229 1447 359 1534 adegit3
391 1449 615 1531 lintribusque
642 1449 787 1510 hostium
817 1446 982 1532 depressio
1010 1460 1044 1511 et
1075 1451 1253 1512 exturbato

34 1527 217 1609 Gannasco,
237 1532 297 1592 nbi
319 1533 507 1615 praeseutia
528 1534 609 1593 satis
632 1535 922 1612 compositarum,
946 1533 1092 1620 legiones
1112 1551 1254 1616 operum

35 1620 66 1674 et
84 1613 214 1676 laboris
236 1614 381 1700 ignaru,
402 1614 677 1699 populationibus
699 1615 870 1692 laetantes,
891 1623 1048 1677 ueterem
1066 1613 1107 1676 ad
1125 1635 1255 1678 morem

34 1693 185 1769 reduxit,
225 1717 268 1759 nc
304 1699 377 1780 quis
402 1701 535 1784 agmine
564 1695 744 1760 decederet
774 1715 834 1758 uec
868 1717 1012 1782 pugnam
1050 1700 1115 1759 nisi
1142 1702 1253 1760 iussus

32 1777 142 1840 iniret.
186 1777 369 1859 Stationes,
391 1783 540 1867 uigiliae,
562 1778 686 1842 diurna
706 1787 936 1861 nocturnaque
956 1781 1127 1842 municio
1149 1781 1253 1844 armis

33 1863 263 1944 agitabantur:
306 1865 485 1947 feruntque
513 1863 672 1940 militem,
704 1865 782 1942 qnia
816 1863 942 1924 vellum
974 1881 1043 1924 nou
1071 1865 1253 1942 accinctus,

32 1951 127 2026 alque
147 1947 267 2017 alium,
289 1948 367 2027 quia
387 1949 534 2032 pugione
554 1953 684 2007 tantum
707 1947 875 2008 accinctus
896 1943 1040 2018 foderet,
1061 1955 1171 2008 morte
1192 1967 1253 2029 pu·

32 2029 127 2091 nilus.
172 2029 268 2093 Quae
289 2031 392 2100 nimia
413 2039 446 2091 et
467 2031 636 2091 incertum
664 2047 705 2088 an
728 2029 811 2089 falso
838 2030 925 2092 iacta
954 2029 1121 2114 originem
1142 2037 1253 2091 tamen

32 2113 253 2174 escueritate
282 2108 376 2174 ducis
404 2121 558 2184 traxeras
589 2113 820 2193 intentumque
841 2119 874 2174 et
895 2113 1022 2197 magnis
1047 2110 1179 2174 delictis
1200 2116 1254 2174 in·

31 2196 234 2258 exorabilem
266 2196 364 2274 sciaq
396 2197 452 2260 cni
479 2203 610 2258 tentum
638 2196 827 2278 asperitatis
854 2196 955 2256 etiam
984 2191 1144 2286 adversus
1166 2196 1255 2260 levia

30 2277 244 2341 credebatur.

96 2365 122 2416 l.
143 2357 267 2423 Glauci,
286 2377 315 2413 ι.
334 2357 371 2413 ad
388 2357 424 2414 G.
444 2361 487 2417 ³5.
508 2377 537 2416 n.
556 2361 583 2416 l.
607 2387 642 2400 -·
666 2359 745 2428 nulla
769 2355 946 2414 dissensione
973 2357 1034 2416 MS.
1061 2359 1159 2415 Gueli.
1191 2359 1254 2415 eald.
1291 2413 1295 2422 ,

28 2430 92 2487 Fut
112 2437 141 2490 1.
161 2435 192 2488 2
217 2431 283 2486 Ber.
308 2429 399 2486 libem
425 2448 486 2501 sqq.
511 2431 595 2484 milio
614 2431 642 2486 d.
667 2431 730 2490 MS.
757 2431 837 2489 Flor.
864 2431 976 2486 militia
996 2431 1025 2486 a.
1050 2431 1094 2486 ed.
1120 2431 1200 2502 Spir.
1219 2463 1253 2476 -

27 2503 197 2572 Sanquissii,
215 2521 245 2558 v.
266 2500 302 2554 sd
319 2503 347 2566 S,
365 2506 394 2568 t,
413 2505 441 2560 2.
459 2502 628 2572 Antipuiuis'
646 2503 721 2556 Alae
738 2519 789 2558 rea
807 2503 850 2558 ed.
871 2501 950 2574 Spir.
971 2531 1004 2542 -
1024 2503 1154 2568 Corbulo,
1178 2522 1206 2556 v.
1219 2503 1256 2556 sd

27 2578 51 2640 2,
68 2578 115 2641 31,
133 2579 164 2632 2.
187 2607 220 2617 -
242 2572 412 2638 inferiorem
428 2573 611 2629 Gemsans'am
628 2573 819 2640 incursavere,
839 2592 867 2629 v.
887 2574 923 2628 sd
937 2575 973 2628 G.
985 2578 1011 2631 1.
1025 2592 1056 2629 u.
1067 2579 1093 2629 1.
1114 2583 1143 2629 et
1161 2575 1253 2630 G.35.

27 2663 53 2702 n
70 2649 99 2704 l.
120 2679 157 2689 -
180 2645 369 2712 Gassinelas,
389 2663 416 2698 v.
437 2645 472 2699 sd
489 2650 516 2712 4,
536 2649 581 2710 ts,
600 2650 624 2701 1.
645 2655 675 2700 et
692 2647 729 2700 ll.
749 2651 776 2714 4,
796 2647 842 2710 lt,
861 2647 888 2700 2.
908 2677 941 2688 -
961 2645 1107 2698 auxiliare
1131 2661 1180 2698 aes
1206 2643 1257 2712 (ut

26 2733 72 2770 aes
89 2718 240 2782 ssss'ls'lare,
259 2716 402 2780 militum)
421 2717 470 2771 diu
487 2717 609 2770 meritus
628 2717 707 2772 edidi
725 2735 762 2772 ex
779 2714 890 2772 emend.
901 2715 1029 2770 lllerceri
1047 2723 1077 2770 et
1094 2716 1151 2772 lac.
1163 2717 1255 2770 Grcn.

27 2787 67 2841 lts
85 2788 151 2844 HS.
172 2791 240 2844 Vct.
260 2785 331 2842 teste
350 2789 494 2854 Marcone,
514 2788 565 2842 sed
583 2805 613 2842 es
629 2805 686 2859 pro
704 2805 769 2853 aes3
792 2804 888 2858 neque
905 2786 1034 2840 multum
1052 2785 1255 2842 diffensntle-

27 2863 137 2915 mones
163 2859 297 2914 aliorum
313 2857 396 2916 MSS.
423 2861 455 2912 in
479 2860 592 2930 quibus,
615 2867 649 2912 ut
677 2861 854 2932 saepissime,
879 2853 929 2912 vel
953 2875 984 2912 es
1009 2858 1059 2912 vel
1076 2875 1112 2911 ea
1134 2873 1189 2928 pro
1208 2873 1257 2911 aes

25 2934 187 3004 scriptum.
207 2930 354 2983 miliare
370 2946 405 2984 ee
423 2931 472 2984 diu
496 2931 610 2984 meritis
628 2929 709 2985 MSS.
730 2932 809 2984 Flor.
829 2929 915 2995 (teste
933 2929 988 2986 lac.
1010 2929 1116 2994 Gran.)
1135 2938 1165 2982 et
1182 2927 1254 2986 Bud.

25 3021 40 3056 s
63 3023 103 3060 ns.
134 3019 198 3058 sec.
225 3001 384 3056 maxillaris
412 3017 446 3054 ee
476 3002 527 3055 diu
556 3002 671 3055 meritis
696 3003 779 3058 lass.
807 2999 879 3058 llud.
905 3017 978 3056 am.
1003 3019 1050 3072 pr.
1076 3001 1159 3066 Bodl.
1184 3000 1254 3088 Agr.

25 3077 104 3145 prob.
125 3074 229 3146 uyck.
249 3073 404 3127 auxiliaris
421 3079 450 3125 el
468 3087 502 3127 ex
521 3073 570 3127 diu
588 3076 708 3132 meritus
726 3071 810 3128 MSS.
836 3071 936 3126 Guelf.
954 3071 1037 3128 Harl.
1057 3073 1110 3126 les.
1130 3073 1256 3128 aueilsa·

26 3164 69 3200 res
89 3147 143 3200 diss
162 3145 282 3198 meritis
300 3143 361 3199 MS.
380 3145 421 3199 Re
444 3187 450 3202 .
471 3143 616 3200 auxiliare
633 3146 685 3200 esd
701 3145 733 3198 s'n
751 3143 865 3198 merilis
882 3139 944 3198 MS.
964 3145 1029 3198 Vnt.
1047 3143 1151 3214 lipsii.
1172 3145 1256 3200 auri·

25 3221 98 3272 liure
117 3219 209 3274 ndus'
225 3216 340 3270 meritis
357 3216 401 3273 ed.
420 3163 500 3287 ἔριν.
522 3217 667 3270 auxiliare
685 3233 719 3269 ee
737 3215 895 3270 drumenlis
909 3211 972 3269 ΜΞ.
991 3213 1077 3270 Fero.
1098 3215 1257 3270 auxiliaris

25 3299 49 3343 et
67 3291 121 3345 diu
140 3289 267 3342 meritus
284 3287 346 3342 edd.
365 3289 429 3344 Put.
449 3294 474 3345 1.
493 3291 519 3344 2-
539 3287 603 3344 ller.
616 3286 709 3342 Rben.
731 3305 794 3360 sqq.
814 3285 844 3342 b.
857 3304 883 3341 e.
902 3287 982 3340 inter
997 3287 1153 3340 auxiliares
1165 3289 1256 3342 etism

25 3363 72 3416 din
91 3363 225 3416 meritus
244 3359 403 3430 stipendiis
421 3361 527 3416 Kiessl.
564 3359 642 3414 llino
660 3360 741 3414 saria
759 3360 911 3414 coniecere
927 3357 989 3411 viri
1013 3357 1103 3411 docti.
1129 3359 1257 3412 euesleo-
1282 3387 1286 3394 ·

25 3439 65 3488 rs's
84 3451 121 3488 ea
139 3431 346 3501 [summariis
363 3439 393 3486 et
410 3430 576 3497 aurilianis,
595 3430 661 3485 dein
680 3431 815 3485 causitus
832 3430 867 3482 Li
889 3431 958 3484 siue.
978 3429 1135 3484 asezs'liars's
1152 3437 1180 3484 el
1199 3431 1257 3484 due

27 3507 119 3574 gerulis
139 3505 168 3558 1.
186 3503 239 3556 Fr.
259 3503 353 3556 Gran.
375 3501 442 3556 coll.
463 3506 489 3568 4,
509 3503 553 3559 46.
575 3502 737 3556 auxiliares
755 3502 834 3556 s'nler
872 3501 903 3554 s'u
921 3501 1042 3554 mesilus
1060 3499 1142 3558 Acid.
1162 3501 1256 3555 Ausi·

26 3579 112 3630 lieris
133 3578 164 3630 is
182 3591 219 3630 ee
238 3575 290 3628 ds'u
308 3573 422 3627 meritis
438 3574 538 3628 Heius.
559 3575 706 3627 auxiliare
723 3571 896 3642 stipendium
913 3571 1032 3625 meritus
1051 3569 1134 3638 (uti,
1150 3575 1185 3629 52
1196 3573 1256 3644 pr.)

26 3649 86 3722 llip.
105 3647 235 3704 nullane
253 3639 436 3712 Canninelai,
454 3644 793 3714 auxiliareets'pendium
807 3643 920 3698 meritis
937 3642 1052 3699 Walth.
1071 3642 1101 3699 b.
1118 3660 1143 3697 e.
1164 3661 1201 3698 ex
1216 3643 1255 3699 iis

26 3723 159 3775 nationis
179 3718 391 3781 Canninefatis,
409 3719 462 3787 qui
480 3735 545 3774 snx.
565 3723 601 3772 st.
621 3725 802 3782 mernerunt,
822 3725 856 3768 ut
873 3715 1016 3769 ablativus
1039 3714 1154 3768 neerils's
1177 3715 1256 3770 refe-

26 3805 105 3846 rstur
123 3791 167 3848 sd
184 3807 250 3846 voc.
270 3788 385 3842 collect.
405 3790 533 3843 ustione.
568 3785 628 3844 Sed
644 3787 825 3860 probabilior
843 3793 888 3842 est
904 3794 1006 3841 noeti-s
1023 3786 1123 3841 lectio.
1154 3819 1188 3832 -
1214 3787 1256 3838 le-

26 3867 101 3920 esse
121 3863 274 3932 nauigiis,
290 3868 324 3913 us
339 3859 427 3930 paulo
446 3868 514 3932 post
531 3859 679 3926 ls'nlss'lus.
698 3859 745 3914 Gi.
766 3858 845 3916 Caes.
864 3857 897 3912 B.
917 3856 954 3912 G.
975 3864 1001 3924 1,
1019 3859 1063 3916 5³·
1099 3889 1133 3902 -
1156 3865 1255 3913 uasta·

27 3939 82 3990 lul:
102 3939 142 3991 in
162 3935 228 3990 MS.
247 3932 317 4057 pgr.
336 3932 502 3999 infestatae.
800 3933 802 3940 '

89 4013 118 4066 2
141 4007 186 4062 As
207 4006 249 4059 co
286 4003 331 4056 ulo
345 4002 525 4072 marineium
542 4009 597 4057 cet.
618 4001 662 4058 Of.
678 4001 738 4056 Dio
756 4004 800 4069 dl),
819 4003 863 4060 3⁰.
883 4009 912 4057 et
929 4020 964 4057 eu
985 4037 993 4054 .
1012 3999 1047 4054 sd
1064 4003 1092 4067 3,
1109 4003 1155 4067 al,
1173 4003 1200 4058 2.
1221 4031 1252 4045 ·-

29 4081 133 4148 gloria,
154 4077 207 4133 eus'
225 4073 340 4144 (cuius)
356 4073 534 4144 principium
556 4075 610 4127 illa
636 4073 746 4130 militia
763 4073 830 4141 fus'l,
861 4075 900 4130 oi.
920 4075 954 4127 ln
1002 4072 1058 4129 111.
1073 4089 1112 4125 fv.
1132 4071 1256 4125 Dalions

31 4153 193 4209 nucius.
231 4149 270 4202 ln
287 4143 349 4202 MS.
370 4145 441 4203 llud
460 4163 522 4202 cum
538 4145 646 4216 gloria,
666 4145 714 4201 eui
731 4154 785 4202 cet.
815 4177 850 4191 -
869 4143 1001 4199 loiresnes
1018 4141 1254 4209 inolceoRlsens',

30 4225 63 4274 a.
81 4225 118 4278 ssl
136 4225 166 4290 2,
184 4226 216 4288 S,
235 4223 265 4277 2.
286 4245 319 4258 ·-
337 4223 449 4272 celeras
466 4219 580 4274 nauium
596 4217 681 4278 MSS.
700 4218 783 4273 Flor.
804 4215 903 4270 Gnell.
922 4215 995 4271 lind.
1014 4215 1078 4270 edd.
1095 4212 1253 4285 Epiul'ut.

33 4297 96 4354 L2
113 4293 213 4354 Bben.
231 4295 381 4364 Meam·
400 4295 509 4348 celeras
527 4306 612 4348 naues
630 4289 694 4348 edd.
713 4290 779 4346 Ber.
797 4287 890 4347 Rhesi.
909 4293 934 4346 1.
961 4319 994 4334 -·
1021 4284 1140 4353 uuus,
1170 4303 1199 4341 u.
1218 4283 1284 4364 sd·
