2872 4786
442 213 693 281 column.
723 214 808 281 ult.
829 215 872 282 V.
896 215 957 280 vt.
1247 217 1314 284 est

87 394 201 433 eorum.
238 376 397 434 lietera-ere
421 393 523 434 omnes
553 379 681 452 e‘culpe
706 380 799 438 simili
824 379 971 448 volebant,
1001 398 1060 436 non
1084 397 1192 454 poenae
1219 382 1314 447 modo,

87 450 139 504 sed
156 450 337 526 ignominiae
355 457 445 503 metu.
482 451 583 523 ltaque
600 450 673 508 haec
698 451 755 506 duo
773 455 838 507 iere
856 460 1004 524 usurpata,
1027 461 1061 506 ut
1079 471 1185 507 nomen
1203 454 1315 509 delere·

86 531 149 586 tur,
169 528 203 574 ut
221 521 336 596 effigies
355 520 524 576 tolleretur.
560 521 605 578 De
623 525 743 578 nomine
756 523 858 577 Cicero
874 521 1002 595 Philipp.
1023 527 1067 592 13,
1090 527 1131 581 12.
1151 526 1315 596 1111111111-

86 593 165 645 tonii
183 608 290 646 nomen
308 609 324 647 e
341 591 425 646 iestis
445 592 591 648 sublatum
609 595 727 650 decreto
745 601 862 650 senatus
881 603 970 649 esset:
1000 593 1091 650 cuiue
1113 603 1190 650 totus
1217 613 1315 652 coneu-

87 665 167 716 latue
187 671 229 716 eet
248 679 282 716 ea
300 663 378 717 omni
394 672 635 720 monumentorum
657 667 795 720 monario
817 667 953 718 renitens.
988 664 1108 722 Tacitus
1126 665 1203 721 111111.
1222 671 1250 736 8,
1271 671 1313 724 17.

86 735 196 790 Nomen
213 734 329 790 Pisonis
347 736 503 789 radendum
526 738 614 805 fastis
632 739 752 791 tensuit.
788 738 975 808 Lampridius
1000 738 1032 792 in
1050 738 1207 824 Elagabalo
1225 755 1250 794 c.
1271 743 1313 796 ld.
1385 753 1389 762 ’

86 807 197 860 Nomen
223 806 366 860 Antonini
392 823 504 861 maenum
531 815 574 862 eet
602 817 704 864 senatu
734 809 852 864 iubente.
895 807 1043 864 Radebant
1070 811 1180 887 ignore
1211 809 1261 864 sed
1286 819 1316 864 et

88 895 175 949 saepe
195 880 327 938 1111111111
346 886 430 932 erant
448 896 504 949 per
521 880 644 934 dedecus
670 881 802 934 oblinere
826 887 875 934 aut
900 878 1005 934 lutare.
1042 879 1228 952 Lampridius
1247 879 1315 935 Ela-

85 950 152 1025 gnb.
172 967 194 1002 c.
217 951 260 1006 13.
299 950 386 1004 Misit
405 951 456 1020 qui
478 957 506 1004 et
528 950 558 1004 in
582 953 689 1006 caetris
706 959 867 1005 statuarum
891 951 954 1006 eius
979 951 1079 1008 titulos
1099 953 1159 1006 luto
1172 955 1314 1022 tegerent,

86 1027 117 1072 at
136 1020 201 1086 fieri
218 1023 287 1074 sciet
304 1019 338 1074 de
356 1021 497 1091 tyrannis.
534 1021 678 1078 Eusebius
701 1023 828 1094 pulchre
854 1021 937 1078 Eccl.
966 1023 1040 1078 illst.
1060 1027 1088 1088 9,
1108 1028 1151 1080 11.
1171 1023 1207 1080 de
1225 1025 1315 1080 blaxi-

86 1094 186 1146 mino:
218 1096 330 1163 Γραφαί
345 1111 375 1147 ee
392 1093 457 1149 ὅσαι
473 1094 511 1154 εἰς
528 1095 612 1162 τιμήν
635 1093 720 1150 αὐτοῦ
745 1097 793 1147 nal
815 1096 871 1148 eain
894 1095 982 1148 aaron
1005 1095 1115 1150 παίδων
1133 1097 1201 1150 κατὰ
1219 1101 1316 1150 nicar

87 1162 227 1218 ἀνέκειντο
245 1167 335 1228 niter,
355 1165 386 1216 ul
403 1167 455 1232 μὲν
473 1162 501 1226 ἐξ
519 1167 610 1234 ὕψους
627 1165 666 1229 εἰς
683 1165 789 1236 ἔδαφος
808 1165 989 1236 ῥιπτούμεναι
1006 1173 1208 1238 συνετρίβοντο,
1234 1168 1266 1220 al
1284 1166 1315 1220 di

87 1237 136 1294 scic
152 1235 307 1304 προσάψας
325 1237 499 1308 pigmenium,
518 1242 650 1302 σκοτεινῷ
662 1233 788 1308 χρώματι
806 1237 1091 1308 καταμελανούμεναιτ
1110 1238 1315 1308 inceptiones

86 1307 178 1360 etiam
205 1314 232 1360 et
253 1306 344 1371 tituli,
376 1311 532 1380 quicunque
556 1307 657 1362 honori
680 1311 743 1364 eius
769 1317 819 1364 aut
837 1310 993 1362 liberorum
1009 1327 1062 1379 per
1081 1309 1214 1378 ungulae
1230 1309 1316 1366 urbes

84 1379 179 1446 positi
196 1385 289 1445 erant,
307 1381 414 1446 partim
434 1398 449 1434 e
466 1379 583 1435 sublimi
605 1380 638 1434 in
656 1387 765 1435 terram
783 1380 906 1434 detracti
928 1380 1119 1452 confractique
1137 1389 1216 1448 eunt,
1245 1397 1315 1452 par·

87 1451 151 1514 tim,
171 1456 202 1503 ut
220 1451 379 1504 uidentibus
398 1452 519 1506 inutiles
536 1455 645 1518 fierent,
665 1455 781 1506 obscuro
796 1453 914 1524 quodem
928 1453 1022 1505 colore
1040 1453 1154 1506 adducti
1172 1459 1198 1506 et
1217 1454 1316 1522 nigre-

86 1521 171 1588 facti.
209 1523 247 1576 At
266 1521 299 1576 de
319 1523 368 1576 effi
392 1523 420 1578 ie
437 1526 530 1578 111111
550 1531 579 1578 11
598 1523 706 1577 abolita
726 1524 894 1578 Ambrosius
919 1520 954 1578 de
975 1523 1127 1594 interpell.
1146 1521 1221 1578 Dav.
1240 1527 1268 1590 1,
1287 1527 1313 1582 d.

90 1593 174 1655 Vide,
211 1542 422 1648 concamium
439 1597 470 1648 in
488 1595 654 1650 ciuitatibus
678 1595 811 1650 danorum
828 1593 993 1663 Principum
1018 1595 1163 1664 imagines
1186 1611 1316 1666 perseue-

84 1672 163 1730 rent,
201 1665 330 1718 eleantur
349 1673 542 1736 tyrannorum.
580 1665 764 1738 Capitolinus
783 1667 815 1720 in
834 1665 990 1728 Gordianis
1009 1683 1034 1721 c.
1053 1670 1078 1734 9,
1111 1667 1230 1722 Statuas
1247 1667 1314 1721 Ma-

82 1735 195 1790 ximini
228 1735 399 1804 durnerunt,
437 1737 580 1809 imagines
605 1729 835 1808 perfregerunt?
850 1754 948 1792 nomen
976 1737 1132 1806 publicitus
1159 1744 1312 1792 eraserunt.

83 1809 190 1862 Livius
209 1805 244 1863 de
262 1808 490 1864 Atheniensibus
515 1814 560 1876 ³1,
579 1811 622 1866 11.
658 1809 847 1879 Rogationem
874 1810 1011 1878 estempto
1042 1810 1179 1875 tulerunt,
1198 1815 1230 1863 ut
1248 1806 1314 1866 Pte·-

82 1880 163 1948 tippi
180 1887 302 1946 statuae,
321 1879 464 1951 imagines
483 1897 578 1935 omnes
597 1881 765 1952 nominaque
783 1897 879 1936 earum
904 1880 1071 1934 tollerentur
1090 1880 1314 1954 delerenturque.

83 1951 235 2006 turmalis
253 1956 281 2018 8,
303 1957 344 2010 18.
381 1953 553 2021 Frangenda
570 1951 704 2006 miserum
720 1955 846 2020 funestat
867 1951 994 2021 imagine
1011 1959 1134 2020 gentem.
1169 1951 1314 2010 Eusebius

84 2025 165 2088 loco,
184 2040 273 2092 quem
291 2023 370 2079 dixis
396 2019 567 2097 liudpsdreee
583 2041 613 2079 ee
631 2021 745 2097 ὁμοίως,
763 2019 865 2080 ὀπόσοι
890 2023 931 2088 εἰς
953 2021 1004 2090 τὴν
1020 2021 1105 2078 αὐτοῦ
1123 2019 1205 2096 npiqu
1222 2024 1314 2080 duare-

80 2089 231 2162 σιήκεσαν,
256 2089 383 2163 clausisque
401 2091 580 2170 (lanicinium
598 2103 802 2168 συνετρίβοντο,
829 2097 914 2166 pilose
940 2097 985 2150 nai
1010 2091 1109 2148 παιδιὰ
1134 2099 1190 2156 τοῖς
1208 2095 1314 2163 druppi-

81 2170 140 2230 ζειν
158 2168 206 2218 nal
224 2167 405 2238 lpsnaposreiu
422 2169 567 2223 ἐθέλουσιν
586 2167 753 2240 txuetpeuoes
773 2169 893 2224 Statuas
911 2167 1008 2234 etiam,
1028 2173 1162 2238 quotquot
1181 2166 1211 2221 in
1228 2163 1315 2222 dono

82 2255 140 2292 rem
159 2237 242 2291 illiue
260 2239 374 2306 tremant
391 2249 509 2306 erectae,
530 2241 669 2296 similiter
688 2243 813 2296 deiectae
836 2247 864 2306 qt
879 2239 1024 2310 protritae
1042 2245 1117 2308 eunt,
1142 2255 1177 2293 ac
1194 2239 1315 2294 ludibrio

81 2317 111 2363 et
130 2309 238 2364 irrisui
256 2311 401 2379 expositae
418 2307 550 2378 munium,
577 2315 626 2384 qui
643 2314 756 2368 iniuria
779 2319 804 2366 et
822 2311 985 2382 ignmniniu
1004 2313 1118 2379 afficere
1136 2327 1187 2365 eae
1203 2311 1314 2366 uellent.

81 2381 173 2435 Ratio
185 2389 281 2434 autem
300 2382 356 2436 1111
374 2383 509 2438 abolendi
524 2383 641 2454 duplex.
665 2386 763 2450 Prior,
780 2392 813 2438 ut
825 2386 954 2439 modeste
971 2383 1002 2436 id
1015 2384 1100 2438 fleret
1111 2391 1141 2437 et
1153 2401 1208 2455 per
1220 2383 1315 2460 magi·

82 2460 213 2506 stratum
232 2454 478 2508 submoverentur
491 2471 507 2508 e
519 2455 638 2524 publico
651 2463 819 2526 conspectu.
839 2455 942 2509 Cicero
955 2457 988 2510 in
1002 2455 1124 2508 Verrem
1133 2456 1160 2520 1,
1170 2456 1215 2512 i'l.
1241 2455 1313 2509 Gen·

82 2525 278 2592 turipinorune
289 2530 401 2580 senatus
412 2526 536 2580 decreuit
549 2526 719 2596 munusque
731 2525 830 2591 iussit,
844 2533 885 2591 ut,
901 2541 972 2595 quae
982 2530 1095 2579 statuae
1108 2524 1139 2580 0.
1156 2527 1257 2581 Verris
1268 2526 1314 2593 ip·

81 2598 146 2650 eine
165 2604 192 2650 et
203 2597 260 2662 filii
279 2593 442 2664 eeeent,'eaa
452 2599 619 2654 Quaestores
631 2596 820 2652 demoliendas
831 2597 967 2663 locarent,
986 2597 1105 2665 dumque
1119 2611 1153 2650 ea
1167 2597 1313 2657 demalitie

80 2671 174 2736 fieret,
207 2675 355 2723 senatores
381 2684 434 2722 non
461 2669 556 2723 nunus
581 2667 677 2722 XXX.
705 2667 844 2724 adessent.
889 2665 1046 2730 Suetonius
1073 2665 1184 2720 Domit.
1217 2684 1241 2724 a.
1266 2669 1311 2724 2³.

81 2740 211 2794 somene·
222 2741 317 2793 scalae
335 2740 444 2808 inferri
461 2741 623 2811 clypeosque
639 2747 667 2795 et
684 2739 827 2807 imagines
844 2739 906 2792 eiua
923 2753 1020 2791 coram
1039 2735 1154 2792 detrahi
1170 2745 1197 2791 et
1216 2737 1314 2808 afiligi

81 2813 144 2866 eolo
168 2811 263 2864 iussit.
301 2811 411 2878 Altera,
449 2821 483 2865 ut
508 2831 563 2885 per
582 2813 733 2884 impetum,
758 2817 796 2870 ⁴et
820 2816 880 2866 tota
903 2827 953 2864 ree
974 2809 1198 2880 permitteretur
1213 2810 1313 2865 turoni

84 2883 201 2936 cuidem
218 2882 345 2953 plebeio.
373 2883 449 2936 ibam
468 2891 632 2955 receptum,
650 2883 769 2955 laqueos
789 2881 892 2935 statuis
910 2879 1065 2935 altioribus
1084 2880 1208 2936 iniicere
1225 2889 1313 2953 atque

84 2957 124 3010 ita
143 2953 307 3010 detrahere.
344 2955 493 3010 luvenalis
515 2959 559 3022 tt,
579 2959 624 3014 68.
656 2955 828 3010 descendunt
847 2959 958 3007 emtuae
975 2957 1130 3023 reumque
1147 2959 1311 3023 sequuntur.

82 3027 201 3090 Seneca,
235 3044 286 3080 eeu
304 3026 474 3096 quisalius,
503 3028 536 3081 in
553 3027 673 3082 Octavia
695 3027 730 3081 de
758 3027 862 3080 statuis
881 3025 1028 3096 Poppaeae
1045 3043 1073 3078 v.
1093 3025 1154 3082 197.
1189 3023 1313 3078 mandra

81 3115 137 3166 per
151 3104 253 3166 partes
277 3095 391 3152 tradunt
414 3097 544 3156 Deducta
568 3099 686 3169 laqueis.
724 3097 769 3152 lta
793 3097 872 3152 enim
899 3103 981 3151 recte
1001 3095 1069 3149 illic
1087 3095 1223 3172 legimus,
1251 3111 1312 3150 nan

82 3169 208 3224 diducta.
245 3167 357 3222 Plinius
376 3169 518 3246 graphice
535 3169 592 3224 hoc
611 3178 705 3224 totum
724 3169 857 3244 depingit
880 3167 984 3244 Paneg.
1009 3183 1034 3220 c·
1051 3169 1098 3224 et.
1135 3168 1215 3236 Ergo
1239 3167 1312 3222 istae

80 3242 194 3310 quidem
218 3231 317 3294 amede
340 3246 368 3293 et
391 3257 499 3309 paucae
521 3247 636 3294 manent
660 3239 866 3310 manebuntque,
895 3237 1029 3310 quamdiu
1054 3239 1184 3310 templum
1202 3237 1314 3309 ipeumr

81 3315 155 3366 illae
174 3317 267 3366 autem
286 3327 390 3364 aureae
413 3319 440 3366 et
466 3311 684 3366 innumeradiles
710 3317 809 3380 strage
833 3317 861 3364 et
879 3311 966 3364 ruina
982 3309 1095 3378 publico
1113 3309 1223 3378 gaudio
1242 3309 1312 3362 lita·

82 3391 213 3438 omenta
232 3383 358 3449 iuuabat,
377 3381 494 3437 illidere
511 3385 573 3438 eolo
591 3382 811 3453 usperuieeimoe
827 3383 929 3449 1111111,
945 3383 1067 3436 ,metare
1084 3384 1175 3449 ferro,
1199 3381 1311 3436 saeuire

80 3457 240 3523 securibus,
267 3461 300 3508 nt
324 3455 351 3507 ei
370 3456 503 3524 singulos
526 3456 602 3510 ictus
626 3455 748 3522 sanguis
775 3455 911 3524 delorqsu
933 3460 1107 3524 sequeretur.
1130 3453 1232 3507 Nemo
1251 3459 1310 3507 tam

81 3536 241 3595 tenperm
264 3525 371 3594 gaudii
396 3543 530 3599 eneeqeee
552 3527 655 3594 (velim
673 3527 763 3582 scribi
787 3525 932 3597 emurque)
957 3524 1097 3592 laetitiae,
1121 3525 1191 3596 quin
1212 3525 1310 3580 instar

81 3599 207 3659 ultionis
224 3598 370 3654 uideretur
386 3615 500 3654 eernere
518 3600 628 3654 laceros
640 3605 733 3664 ortua,
752 3604 888 3654 truncam
903 3598 1040 3662 membra.
1055 3604 1198 3668 poetrmsa
1217 3603 1311 3650 truces

81 3671 294 3741 horrendaeque
312 3669 454 3738 imagines
473 3671 597 3726 adiectae
614 3671 694 3746 (lego
713 3670 853 3734 adiectae)
871 3676 1053 3738 excoctaeque
1070 3669 1201 3736 flammis,
1225 3674 1256 3722 ut
1276 3683 1310 3722 ea

82 3743 138 3797 illo
157 3747 270 3796 terrore
289 3747 315 3794 et
334 3739 421 3795 minis
439 3742 469 3796 in
486 3759 567 3798 usum
593 3739 734 3798 bominum
761 3759 796 3796 ac
813 3741 967 3811 uoluptates
986 3741 1101 3810 ignibus
1119 3747 1307 3796 mutarentur.

81 3817 145 3868 Moe
164 3823 261 3866 autem
280 3811 331 3866 hic
349 3812 504 3868 1111111111
523 3815 581 3886 ima
603 3815 666 3869 ines
692 3829 760 3868 sane
779 3813 924 3883 antiquas.
961 3813 1008 3866 lix
1027 3809 1168 3866 Cicerone
1187 3807 1308 3896 colligo,

81 3899 139 3957 pro
153 3881 189 3940 ’0.
206 3879 327 3939 Rabirio
354 3902 379 3938 c.
395 3889 427 3942 0·
464 3885 542 3940 Sext.
592 3885 675 3952 itiee,
703 3885 776 3953 qued
798 3883 896 3939 Mun
920 3884 1075 3958 imaginem
1099 3883 1133 3938 L.
1158 3882 1310 3939 Satermni

83 3957 164 4012 duni
182 3973 258 4020 eune,
278 3957 480 4012 condernnatue
498 3964 549 4012 eet.
588 3957 645 4014 Ubi
664 3966 694 4014 et
709 3955 767 4012 boo
784 3955 878 4022 rides,
902 3957 1005 4026 culpae
1022 3957 1125 4018 fuisse,
1143 3955 1194 4010 vel
1210 3955 1310 4027 pries-

84 4030 142 4082 tim
162 4029 374 4085 damnatorum
401 4029 545 4106 imagines
568 4028 686 4084 haben.
729 4027 789 4096 Qua
813 4035 912 4082 11111111
938 4027 1015 4082 illud
1039 4025 1136 4082 Taciti
1165 4027 1224 4082 scri
1245 4033 1309 4079 111111

84 4103 160 4154 Ano.
180 4105 224 4168 11,
242 4101 286 4156 ad.
324 4099 369 4152 Ac
380 4099 509 4223 primum
527 4101 559 4155 in
577 4099 713 4156 uestibulo
730 4099 888 4168 imaginem
903 4098 1001 4170 patrie
1018 4097 1091 4152 Silii
1107 4095 1150 4154 Sc.
1172 4098 1207 4151 ad
1237 4097 1308 4151 itam

85 4173 271 4226 demonstrat.
308 4171 379 4224 Pulc
401 4189 434 4225 re
452 4169 623 4227 Ambrosius
642 4171 771 4227 Officior.
791 4174 881 4236 1,19.
920 4169 955 4226 Si
977 4171 1095 4244 tyranni
1113 4171 1220 4242 aliquia
1237 4168 1310 4224 ima·

83 4243 182 4312 ginem
198 4239 313 4308 iubeat,
340 4255 433 4298 nonne
450 4243 588 4302 olnonm
605 4251 647 4299 eet
666 4241 869 4298 damnationi!
