2800 4790
89 179 94 192 ⁸
171 223 316 294 amor
335 219 1057 330 xvm-xx.<s.sa.e1as.c.oo.)-
1164 227 1229 300 aa

20 397 45 456 s.
60 396 90 456 G.
107 399 137 464 8,
154 397 184 454 Β.
202 393 253 449 ubi
271 399 383 459 marat,
403 391 522 448 Cretum
541 408 575 446 ao
593 389 783 462 Gymnniem
799 391 967 462 provinciae
977 391 1067 448 Bruto
1085 401 1116 448 et
1128 393 1227 452 credo

21 471 134 524 decretas
153 464 246 522 esse.“
267 465 346 520 Haec
363 463 504 519 valerius.
525 463 608 518 Geni.
627 461 789 516 Tuschuck·
808 462 844 518 ad
861 457 927 518 Sex.
944 463 1055 518 nurum
1072 481 1100 520 c.
1112 469 1157 522 1³.
1176 467 1228 538 qui

21 559 105 596 omnes
130 537 320 593 difficultates
336 537 453 608 ‘optime
481 533 630 601 enodavit,
665 533 792 602 Wagner
825 529 862 588 ad
884 533 1029 588 Ammian
1053 538 1098 602 22,
1119 539 1162 604 li,
1179 542 1225 596 24.

21 611 105 680 „Quod
123 609 243 665 Tacitus
261 607 362 674 tradit,
394 611 505 661 lactum
530 623 555 662 a.
574 605 612 659 U.
631 607 693 662 660.
713 605 745 659 G.
766 604 876 669 Coelio,
905 607 937 664 L.
957 605 1086 660 Domitio
1105 623 1177 664 coss.
1198 618 1228 664 et

22 685 45 736 in
58 683 120 738 loco
138 681 194 735 ino
211 679 279 733 Rufi
297 696 321 734 c.
342 679 385 736 13.
416 677 510 732 ausim
533 677 662 730 scribere
686 673 841 730 Ptolemaei
858 675 990 746 Apionis.
1026 679 1174 752 Appianus
1193 681 1226 734 B.

21 755 45 808 G.
60 761 83 821 l,
102 756 164 809 111.
193 751 320 822 Cyrenen
344 749 387 803 eit
406 749 511 820 populo
535 747 614 800 lione.
639 747 760 819 reliquit
786 747 1017 804 Ptolemaeus
1039 767 1075 803 ec
1091 749 1227 820 Lagidie,

20 825 56 878 rei
76 823 216 892 apiani
240 833 452 890 cognomentum
478 818 566 886 fuitf‘
592 817 672 888 la'pe·
693 845 727 858 -
761 818 911 888 proxime
941 822 1056 893 quisque
1079 837 1228 890 possessor

20 897 183 962 insonant,
202 897 240 948 ct
259 893 322 948 lud.
341 892 396 946 111.
414 912 443 948 v.
463 889 584 945 Nomina
602 889 750 945 collectiva
769 899 797 946 et
816 891 852 945 ad
868 893 903 957 Η.
923 895 950 958 2,
971 896 1015 956 Ὦ.
1033 895 1059 950 ⁶.
1080 891 1228 950 invaserat
1312 937 1314 950 .

20 968 64 1022 us.
81 967 183 1022 Gueli.
203 975 233 1020 et
250 965 296 1020 ed.
314 964 391 1035 Spir.
414 954 445 1007 ‘—
483 960 659 1016 abiudicatis
676 961 761 1032 agris
779 963 813 1016 ab
831 963 927 1017 Acilio
939 962 1078 1020 Strabone
1095 964 1142 1020 his
1160 983 1227 1037 poe-

20 1040 175 1093 sessoribus.
199 1069 231 1082 -
269 1035 347 1090 Nero
376 1036 499 1106 prototo
525 1031 677 1088 Strabonis
704 1033 846 1088 sententia
871 1035 932 1089 edd.
957 1051 1017 1090 rec.
1048 1053 1084 1090 ex
1111 1041 1225 1094 emend.

19 1109 84 1164 Pioh.
123 1126 160 1164 ne
174 1108 299 1178 probata
317 1105 348 1164 S.
366 1125 389 1164 e.
409 1106 467 1161 MS.
485 1104 566 1160 Flor.
590 1123 624 1160 ne
647 1105 807 1172 improbata
825 1106 855 1160 S.
874 1123 897 1163 s.
926 1106 970 1162 ed.
996 1107 1072 1177 Spin.
1094 1109 1228 1180 princepe

18 1182 80 1236 liero
93 1182 220 1250 motata
242 1179 274 1234 S.
293 1195 317 1236 s.
347 1177 405 1233 lus.
425 1178 507 1232 Harl.
530 1176 662 1246 prinems
683 1193 718 1232 ue
732 1179 853 1247 probata
871 1178 901 1232 S.
920 1195 944 1236 s.
971 1177 1048 1234 MSS.
1067 1179 1148 1236 Bodl.
1170 1183 1226 1238 les.

19 1251 102 1308 Guelt'.
119 1253 257 1321 princepe
277 1267 326 1303 nec
341 1251 463 1320 probata
480 1248 512 1304 S.
531 1264 554 1302 s·
580 1247 643 1303 edd
668 1247 732 1304 Put.
753 1249 777 1306 1·
797 1252 823 1305 2·
846 1251 911 1306 Ber.
930 1249 1022 1310 Rheu.
1044 1255 1067 1306 l.
1094 1253 1228 1323 princepe

16 1327 121 1391 uotam
141 1323 173 1377 S.
192 1339 217 1376 e.
237 1321 299 1376 edd·
325 1321 416 1377 Rhea.
445 1324 472 1378 2·
491 1323 519 1376 3.
536 1317 601 1374 Ald.
629 1319 707 1390 lips.
745 1326 802 1374 tum
823 1321 957 1392 princepe
982 1339 1037 1376 non
1067 1321 1228 1392 improbata

18 1395 41 1450 S.
58 1413 79 1452 s.
97 1393 157 1453 MS.
239 1391 343 1448 .Nero
362 1399 428 1448 rata
445 1392 477 1446 S.
496 1407 520 1444 e.
548 1391 623 1446 coni.
650 1390 708 1446 lac.
733 1391 824 1446 Gran.
854 1401 883 1446 et
908 1410 958 1447 nec
975 1393 1135 1462 improbata
1152 1397 1183 1454 S.
1201 1416 1225 1452 s.

18 1465 76 1520 Ern.
94 1497 128 1509 -
167 1481 200 1519 su
219 1463 314 1520 venire
333 1497 365 1508 -
393 1464 554 1528 concedere,
585 1465 625 1516 ei.
653 1461 718 1516 lnd.
733 1463 798 1520 ill.
828 1481 855 1518 v.
883 1463 1024 1534 Infinitiai
1048 1465 1146 1524 Praei.
1171 1486 1227 1538 pro

18 1537 65 1604 lat.
88 1539 155 1596 Fut.

455 1605 772 1698 ceruum.

87 1751 281 1836 Sequuntur
302 1752 457 1816 virorum
478 1751 664 1814 illustrium
696 1758 829 1823 mortes,
860 1749 1003 1821 Domitii
1025 1753 1100 1818 afri
1120 1762 1154 1820 et
1173 1755 1225 1822 Μ.

17 1835 156 1914 Servilii,
173 1838 235 1979 qui
255 1837 392 1898 summis
418 1835 604 1897 honoribus
632 1841 667 1898 et
697 1833 803 1896 multa
824 1835 1014 1918 eloquentia
1035 1837 1225 1924 viguerant.

16 1919 65 1980 llle
87 1937 172 1982 oran
197 1939 217 1980 o
244 1938 371 1998 causas,
405 1917 569 1981 Servilius
601 1915 660 1978 diu
689 1919 775 1994 foro,
814 1937 893 1978 mox
920 1918 1092 1982 tradendis
1124 1923 1227 1986 rebus

15 2001 163 2064 Romanis
185 2003 323 2064 celebris
345 2010 380 2065 et
400 1998 566 2088 elegantia
584 2001 686 2080 vitae,
714 2019 811 2084 quam
832 2001 1010 2065 clariorem
1032 2005 1151 2086 effecit,
1187 2012 1226 2070 at

15 2105 68 2166 par
88 2087 236 2174 ingenio,
258 2087 306 2150 ita
327 2103 459 2146 morum
480 2080 646 2148 diversus.

74 2202 201 2258 Domitii
222 2203 292 2270 Atei
314 2208 342 2256 et
363 2203 407 2259 M.
426 2200 547 2257 Seruilii
572 2201 709 2267 Noniani,
736 2202 772 2256 de
796 2202 900 2274 quibus
922 2222 951 2261 v.
980 2203 1042 2262 Ind.
1062 2205 1085 2263 1.
1105 2237 1139 2250 -·
1175 2206 1226 2263 ille

12 2273 150 2330 domitius
169 2277 277 2330 orando
295 2290 400 2330 caueae
418 2291 458 2328 se.
476 2271 611 2339 celebris,
642 2271 783 2326 Seruilius
809 2275 859 2328 diu
884 2277 957 2342 foro,
985 2291 1052 2330 enon
1078 2279 1227 2334 tradendis

13 2347 86 2400 retus
102 2348 186 2400 Bone.
206 2345 325 2401 eeteortr
343 2353 372 2401 et
390 2344 535 2413 elegantia
552 2343 637 2410 uitae,
656 2361 739 2412 quam
761 2345 878 2412 (vitam)
902 2346 1055 2400 clariorem
1077 2349 1168 2416 effecit
1192 2367 1227 2407 eo

13 2419 80 2488 quod
102 2426 137 2472 ut
158 2433 216 2487 par
232 2417 361 2487 ingenio,
389 2417 434 2470 ita
451 2433 561 2472 numm
584 2415 711 2470 diuersus
732 2433 771 2469 se.
796 2418 961 2472 aDomitio
985 2421 1058 2472 fuito
1091 2439 1157 2476 nam
1175 2422 1227 2477 hio
1273 2417 1279 2436 ⁸

10 2490 188 2558 maperim
205 2489 365 2560 eloquentia
382 2503 466 2560 quam
483 2503 592 2540 morum
607 2489 686 2552 tama
704 2487 762 2554 tuit
780 2494 807 2540 et
820 2503 926 2558 quoquo
945 2491 1075 2556 facinore
1090 2509 1228 2562 propense

11 2561 170 2628 elnaem,
190 2567 217 2623 4,
235 2565 279 2618 52
316 2559 413 2616 Nodos
432 2562 463 2614 in
482 2559 579 2630 scirpo
598 2559 805 2627 quaesiverunt
822 2560 884 2612 viri
902 2560 990 2626 docti,
1018 2563 1069 2632 qui
1086 2561 1159 2619 haee
1177 2565 1227 2620 vel

12 2633 78 2687 nale
100 2632 299 2704 explicarunt,
326 2631 376 2686 vel
398 2632 492 2686 inrita
512 2631 645 2684 Minerva
670 2637 870 2684 correxerunt.
915 2631 1024 2686 orando
1046 2649 1157 2702 causan
1187 2638 1227 2692 of.

12 2703 66 2756 lnd.
85 2705 127 2758 11.
147 2712 178 2759 et
195 2702 310 2759 adrem
335 2707 362 2767 4,
380 2705 424 2760 5².
443 2703 487 2758 66.
521 2701 735 2767 0.13,1⁶.-
770 2699 912 2755 Seruilius
939 2702 990 2756 diu
1008 2705 1082 2771 fora,
1115 2701 1227 2764 forensi

12 2773 182 2848 eloquentia,
201 2775 328 2843 celebris,
359 2776 394 2828 de
419 2789 476 2844 quo
500 2791 528 2827 v.
547 2770 584 2824 ad
602 2775 632 2835 6,
647 2775 694 2837 31,
715 2775 741 2826 l.
766 2781 796 2827 et
814 2771 844 2826 0.
865 2775 909 2828 23.
929 2790 959 2826 n.
978 2777 1006 2829 3.
1029 2807 1060 2818 -
1097 2777 1226 2849 celebria,

10 2865 33 2899 v.
51 2849 85 2902 ad
101 2853 129 2912 2.
147 2851 196 2914 88,
215 2851 242 2904 ².
262 2879 295 2892 -
332 2845 477 2916 elegantia
494 2843 578 2908 uitae
597 2845 635 2899 of.
655 2845 691 2896 ed
708 2845 735 2906 5,
754 2845 780 2900 8.
801 2851 875 2897 extr·-
895 2875 929 2888 -
964 2851 1004 2900 ut¹
1017 2859 1073 2916 par
1095 2850 1226 2918 ingenio,

10 2918 48 2970 ito
64 2937 178 2974 morum
194 2919 326 2974 diuersus
342 2935 396 2989 pro
414 2916 466 2972 vul
490 2959 497 2972 .
516 2914 649 2970 moritur.
669 2915 713 2968 Gt.
733 2915 797 2972 lnd.
815 2914 869 2969 111.
888 2934 916 2969 v.
935 2915 1086 2972 Adiectioa
1103 2921 1226 2976 relatiua

11 2989 145 3046 maten
163 2989 269 3046 meret
284 2992 383 3044 iuncta
403 2997 433 3044 et
475 2987 630 3043 onetruetio
647 2987 795 3042 emiorum
818 2987 940 3042 variata.

458 3129 652 3186 CAPUT
704 3131 774 3189 XX.

80 3243 225 3308 Nerone
246 3249 413 3327 quartum,
436 3239 597 3304 Cornelio
619 3235 721 3302 Cosso
751 3237 842 3306 Coss.
871 3241 1114 3325 quinquennale
1139 3241 1228 3307 ludi.

6 3342 97 3390 emm
119 3327 246 3390 Itomae
267 3326 460 3388 institutum
479 3331 531 3402 est
551 3321 593 3386 ad
619 3341 747 3387 morem
769 3321 890 3386 Graeci
914 3328 1107 3390 certaminis
1131 3330 1228 3394 varia

5 3409 112 3490 fama,
137 3417 180 3471 ut
209 3416 330 3471 onuota
356 3410 461 3470 terme
489 3425 588 3471 nova.
631 3407 761 3487 Quippe
786 3415 892 3485 erant,
922 3411 979 3490 qui
1011 3407 1072 3473 Gn.
1104 3427 1229 3492 quoque

6 3487 184 3574 Pompeium
205 3495 385 3556 incusatum
407 3511 427 3552 a
447 3488 628 3552 senioribus
649 3488 786 3568 ferrent,
850 3491 894 3553 od
909 3511 1086 3556 massuram
1108 3491 1229 3560 theatri

5 3577 101 3640 sedan
124 3577 304 3658 postrisset:
325 3593 397 3636 nam
417 3583 514 3636 antea
536 3571 706 3637 subitariis
725 3591 790 3656 gra
814 3573 887 3636 idus
918 3587 950 3637 et
975 3595 1071 3639 sceno
1098 3579 1133 3641 in
1155 3587 1229 3642 tem-

5 3679 57 3738 pus
79 3668 214 3724 structa
235 3657 328 3722 ludos
350 3659 411 3721 edi
429 3657 546 3721 solitos
567 3654 627 3734 vel,
662 3659 693 3720 si
717 3661 896 3721 uetustiora
923 3671 1058 3742 repetas,
1091 3669 1228 3728 stantem

5 3745 155 3826 populum
180 3746 385 3824 spectavisse.
433 3739 475 3808 Si
503 3739 680 3804 consideret
710 3739 847 3820 theatro,
884 3739 951 3805 dies
981 3745 1077 3807 totos‘
1093 3747 1229 3826 ignauia

5 3833 222 3892 continuaret.
254 3825 306 3890 Ne
325 3823 575 3906 spectaculorum
596 3823 718 3906 quidem
738 3823 919 3908 antiquitas
936 3836 1129 3904 servaretur,
1151 3849 1228 3912 quo.

7 3915 83 3974 tiens
103 3920 246 3992 praetor
273 3909 409 3987 rederet,
435 3907 525 3972 nulla
553 3911 697 3989 roman
726 3910 838 3972 ciuium
858 3913 1048 3974 necessitate
1075 3915 1228 3981 certandi.

6 3991 155 4058 Ceterum
176 3993 319 4068 abolitos
337 3990 496 4074 paulatim
513 3994 640 4072 patrios
660 4009 761 4053 mores
782 3991 931 4071 funditus
947 3997 1048 4058 everti
1065 4013 1125 4076 per
1144 3999 1228 4061 aed·
1303 4070 1307 4078 ¹

7 4087 61 4139 tom
84 4079 268 4154 lasciuum
288 4086 337 4149 ut,
359 4076 595 4160 quoiusquam
617 4075 775 4154 corrumpi
796 4087 828 4140 et
848 4095 1046 4158 corrumpere
1065 4089 1172 4161 queat,
1194 4084 1229 4144 in

7 4159 89 4226 tuoe
113 4164 245 4226 visatur
266 4160 496 4244 degeneretque
522 4157 639 4222 studiis
672 4161 813 4224 externis
841 4161 988 4223 iuventus
1007 4166 1177 4248 gymnasia
1197 4169 1230 4228 et

5 4251 70 4308 otio
92 4255 132 4310 et
163 4255 273 4326 turpes
301 4263 421 4306 amores
448 4241 620 4306 exercendo
642 4237 796 4324 Principe
830 4253 861 4308 et
886 4253 1000 4306 senatu
1030 4245 1229 4327 auctoribus,

5 4333 57 4412 qni
77 4347 154 4396 non
182 4328 275 4394 modo
304 4327 464 4393 dunstan
495 4327 586 4392 vitiis
615 4323 830 4410 permiserint,
861 4327 919 4390 sed
944 4329 1007 4392 orm
1033 4327 1228 4406 adiidms
