2840 4802
174 219 238 292 ποθ
555 217 801 285 ANNALIUM
829 219 912 289 uo.
929 217 1021 288 XIII.

177 391 253 445 Nero
271 388 379 443 coesus·
395 383 540 442 nmtamis
564 384 794 458 grassationibus
816 389 1041 444 comminutam
1062 385 1166 456 {adon
1190 384 1320 442 illinens
1358 377 1412 437 sit

177 477 240 518 eum
256 467 320 515 ture
337 474 454 531 ceraque
472 465 501 512 et
516 466 611 513 secuto
629 459 676 512 die
693 466 792 512 contro
808 461 914 526 tomam
931 459 1172 516 cutern'sincerum
1181 460 1412 527 &ruentes-en

176 535 267 604 „Non
284 539 417 609 pugnant
434 531 513 585 inter
530 547 560 585 se
577 529 692 584 Tacitus
711 538 741 585 et
758 531 880 598 Plinius,
898 540 932 584 ut
948 529 1096 587 Acidalius
1114 539 1208 603 putat.
1243 531 1305 586 llle
1335 543 1412 582 aaa:

176 613 225 660 rat
242 603 274 658 id
292 603 370 674 quot
385 603 473 657 fiebat
490 601 624 674 quodque
641 601 677 654 fit
693 601 885 670 naturaliter-3
910 601 971 669 hic,
995 603 1234 675 quemadmodum
1257 603 1290 657 id
1325 615 1412 682 quq

174 680 287 734 factum
313 683 376 730 erat
400 673 545 730 celaretur
567 689 601 728 ac
627 672 871 729 dissimularetur.
907 673 964 728 Sed
981 682 1011 730 et
1026 675 1143 760 plerum
1165 691 1201 728 na
1215 673 1297 728 inter
1322 689 1412 727 exet

175 749 283 803 atentia
300 746 377 800 mala
394 753 425 800 et
442 745 562 799 inventa
578 743 707 799 remedia
729 745 871 816 temporis
892 744 1006 816 aliquid
1029 754 1141 802 interce
1164 745 1214 803 't“
1237 745 1341 802 Gran.
1398 759 1412 796 e

175 813 891 955 intereunte-teum
910 817 1412 958 ;;.⁰.“..¹ue:.3.t⁸.;.ee:;..:

173 959 255 1019 MSS.
275 961 375 1018 Guelt.
394 959 465 1016 Bud.
483 959 566 1013 Harl.
585 957 667 1015 Bodl.
686 959 741 1014 lea.
765 965 793 1012 et
811 973 860 1024 ¹ore
877 973 908 1012 se
926 959 1077 1014 Gaesarem
1092 979 1139 1029 pr.
1155 961 1231 1017 coni.
1250 959 1369 1015 lilaea.
1398 975 1412 1012 e

176 1021 227 1088 ore
243 1032 405 1086 cicatricem
421 1047 468 1100 pr.
487 1029 544 1085 lac.
563 1028 654 1086 Gron.
673 1062 706 1072 -
725 1029 775 1101 qui
791 1036 982 1098 grassaretur,
1001 1031 1034 1085 in
1050 1032 1126 1086 vicis
1143 1031 1224 1086 urbis
1241 1031 1412 1086 discurre

50 1098 56 1112 '
175 1113 223 1160 ret
240 1111 270 1159 et
287 1102 388 1158 obvios
406 1109 537 1169 vexaret,
555 1101 732 1167 verberaret,
751 1099 906 1173 spoliarem
932 1101 1027 1174 qualis
1050 1102 1199 1158 dicebatur
1223 1109 1412 1174 grassator

176 1209 211 1260 '.
229 1176 374 1244 insignes:
402 1175 434 1228 in
452 1171 536 1230 MSS.
556 1173 643 1259 Sam.
663 1179 694 1258 et
710 1173 782 1250 Agr.
800 1171 938 1256 illustres.
961 1207 1000 1258 ,τ
1027 1174 1168 1257 pemaisso
1191 1174 1278 1228 semet
1306 1173 1412 1297 lige}

175 1245 512 1374 ἷῖἶτιψξόᾱῖιῗῗεῗέἆ.
532 1241 820 1371 ΞῖἶζΡὲἷῗὶιεἭό.
837 1247 1003 1373 'mewa
1014 1245 1181 1388 diffie.
1193 1245 1291 1371 effi.
1312 1265 1412 1372 nugs

94 1421 99 1430 ·
174 1390 258 1448 liarl.
277 1388 358 1446 Bodl.
377 1388 431 1443 les.
449 1386 521 1441 Bud.
542 1385 603 1442 edd.
624 1393 679 1439 cet.
697 1385 797 1439 multis
814 1383 872 1442 MS.
891 1385 989 1441 Guelt.
1017 1417 1050 1432 -
1073 1394 1101 1442 et
1118 1387 1151 1441 in
1167 1391 1279 1444 modurn
1296 1389 1412 1458 capti·

174 1461 339 1518 citationes
348 1460 499 1528 agebatur3
518 1459 550 1512 in
559 1456 705 1512 MSl'lor.
728 1458 760 1511 Τ.
771 1456 935 1512 nodumcet.
954 1455 1068 1529 Lipsius
1087 1461 1165 1513 coni.
1183 1467 1211 1514 et
1223 1461 1257 1515 in
1274 1463 1412 1516 modurn

174 1539 275 1602 captae
292 1531 419 1588 ciuitatis
436 1548 465 1584 n.
476 1547 501 1584 a.
522 1527 578 1584 Sed
587 1528 628 1582 ita
641 1534 740 1596 captae
749 1527 831 1581 urbis
846 1545 906 1584 esse
913 1528 1043 1597 deberet,
1062 1531 1129 1587 ΕΜ.
1150 1532 1195 1585 cf.
1206 1532 1368 1600 aalma,
1383 1535 1412 1590 2.

175 1604 288 1674 Copula
298 1609 324 1656 et
342 1601 478 1657 deletaab
492 1599 668 1655 obertum.
678 1597 769 1655 Bekk.
788 1615 826 1652 ne
842 1597 952 1654 deesset
964 1600 1105 1671 epodosis.
1123 1599 1254 1658 Eandem
1269 1605 1309 1658 ob
1327 1621 1412 1657 cau·

174 1692 235 1730 sam
245 1676 422 1744 augebantur
435 1689 511 1730 corr.
521 1671 602 1724 Aoid.
614 1671 692 1724 Brot.
704 1669 777 1726 Ern.
797 1669 853 1725 Sed
864 1669 943 1724 nihil
955 1688 1016 1727 esse
1028 1673 1196 1726 mutandum
1207 1684 1236 1729 et
1246 1676 1412 1747 apodosin

174 1745 306 1818 incipere
317 1743 384 1799 inde
395 1743 514 1798 alutias
530 1743 641 1813 quidem
649 1741 814 1810 Montanus,
832 1758 891 1795 non
908 1757 978 1797 vero
996 1745 1152 1798 maximam
1167 1744 1412 1801 distinctionem

76 1843 78 1848 ·
173 1825 243 1890 post
255 1819 391 1886 agebatur
423 1815 573 1880 onendun,
593 1814 643 1868 sed
652 1815 807 1880 minorem,
825 1814 882 1866 iam
893 1814 1096 1868 animadvertit
1106 1815 1230 1874 Kiessl.“
1242 1817 1350 1873 Bene:
1377 1825 1412 1872 et

174 1889 219 1942 sic
236 1891 348 1960 quidem
365 1833 482 1941 haiebit
500 1901 557 1956 quo
575 1887 730 1939 referatur.
765 1885 887 1955 Propria
906 1885 984 1939 enim
1004 1893 1047 1941 est
1065 1887 1128 1940 eius
1145 1889 1200 1954 vis,
1225 1897 1268 1954 ut,
1293 1907 1412 1960 quum

173 1959 207 2012 in
224 1962 393 2014 universum
411 1958 471 2012 sint
488 1956 626 2027 quaedam
644 1955 741 2022 allata,
760 1973 807 2010 res
825 1957 869 2009 sin
923 1975 954 2010 as
972 1973 1044 2027 prae
1061 1959 1166 2012 ceteris
1184 1959 1337 2016 exhibeat.
1373 1979 1409 2014 v.

173 2029 345 2084 Ramshorn.
365 2029 464 2083 Gram.
484 2026 505 2092 ἓ.
526 2030 586 2082 191.
607 2044 635 2097 p.
655 2029 717 2083 tot.
737 2035 797 2090 not.
816 2030 841 2084 A
906 2029 1014 2082 ditores
1032 2044 1090 2083 rec.
1109 2025 1224 2106 decepti
1242 2041 1312 2085 sunt
1330 2029 1409 2086 lul.

173 2101 411 2174 interpunctione
429 2097 490 2152 edd.
509 2106 570 2151 ret.
589 2099 621 2150 in
639 2097 743 2169 quibus
761 2107 902 2168 punctum
921 2106 1048 2154 estante
1065 2099 1168 2154 tutius.
1205 2099 1261 2156 Sed
1284 2103 1320 2156 in
1345 2103 1412 2156 iis-

172 2171 240 2227 dem
256 2179 397 2244 punetum
414 2167 444 2225 h.
461 2169 482 2220 1.
502 2176 566 2222 ante
585 2185 641 2222 nox
660 2177 689 2222 et
706 2172 811 2236 eudon,
829 2178 863 2223 ut
881 2172 993 2240 saepius
1016 2187 1071 2242 pro
1095 2171 1208 2239 leviore
1230 2174 1412 2246 inter-pum

173 2241 428 2368 intuitis*
445 2239 1407 2376 ttit‘mtfflittilts⁰⁸ti.t'tt.iss⁸ititt”it.t⁰²3

173 2333 217 2442 ild.
236 2353 317 2454 Bari)
342 2355 441 2439 Guell.
469 2353 514 2446 (in
531 2400 624 2461 marg.
650 2329 723 2438 arii.
746 2383 806 2454 pr.)
832 2383 903 2460 lieg.
931 2383 994 2438 edd.
1017 2383 1096 2457 Spir.
1121 2386 1184 2444 rut.
1209 2393 1243 2444 1.·
1259 2390 1304 2464 2.,
1322 2387 1402 2444 Ber.

171 2457 263 2514 Rhea.
283 2462 310 2513 1.
328 2458 354 2513 2.
378 2459 404 2512 3.
428 2454 493 2510 Ald.
519 2451 598 2526 Lips.
624 2458 649 2509 1.
685 2453 753 2508 Non
782 2463 827 2509 cst
857 2457 889 2509 in
913 2454 993 2512 MSS.
1021 2457 1102 2514 Harl.
1128 2458 1210 2512 Bodl.
1234 2460 1288 2515 les.
1312 2459 1402 2514 Bud.

172 2528 270 2584 Gueli.
290 2527 351 2582 edd.
372 2525 469 2581 Oberl.
488 2525 563 2578 hun.
582 2525 698 2597 quidum
716 2526 777 2580 edd
797 2526 875 2596 Lips.
893 2534 967 2600 post.
987 2527 1064 2581 Pich.
1084 2530 1169 2584 Grut.
1188 2531 1273 2585 Bern.
1287 2530 1399 2602 Ryck.

172 2608 203 2656 et
220 2599 257 2656 al.
293 2598 387 2652 lulius
404 2597 560 2651 Montanus
580 2629 612 2640 -
631 2598 700 2651 mori
718 2597 835 2650 adactus
852 2605 903 2664 est,
922 2599 960 2652 cf.
978 2598 1034 2653 Dio
1053 2603 1098 2666 tl,
1116 2605 1142 2659 9.
1169 2610 1198 2656 et
1216 2601 1295 2658 Suet.
1317 2605 1399 2656 Ver.

84 2709 86 2716 ,
168 2673 215 2728 26.
235 2671 286 2741 qui
310 2671 399 2724 etiam
417 2669 547 2732 tradunt,
576 2670 723 2724 Neronem
740 2687 756 2722 a
774 2669 917 2736 Montano,
942 2671 1024 2724 cuius
1042 2688 1164 2727 uxorem
1189 2680 1398 2739 attrectasset,

169 2741 316 2866 stitit
332 2741 893 2867 titutt‘tsstiulitztti
907 2744 1030 2868 {titt}
1049 2743 1143 2869 ¹33⁰*
1161 2743 1314 2870 iiiii
1345 2753 1397 2796 ‘⁰‘

171 2831 251 2941 lew
268 2830 352 2939 Bropi.
388 2829 544 2938 Eiusderilau
544 2891 646 2953 poetae
663 2883 841 2936 mentionem
858 2884 929 2937 facit
948 2829 1014 2939 Sin.
1026 2833 1164 2942 ’0021th
1183 2860 1226 2945 1o'.
1262 2887 1322 2942 Sed
1337 2833 1395 2940 fiio

149 2955 251 3010 ,locus
270 2954 365 3008 Taciti
379 2973 398 3008 a
416 2955 515 3026 Lipsio
532 2971 569 3026 pe
608 2971 687 3008 eram
704 2953 740 3006 ad
758 2953 880 3008 eundem
897 2964 1012 3026 poetam
1031 2957 1149 3012 relatus.
1183 2986 1217 2997 —
1240 2957 1395 3014 senatorii

170 3025 292 3093 ordinis,
311 3026 361 3078 sed
379 3025 428 3096 qui
446 3025 568 3079 nondum
603 3041 713 3078 onorem
731 3025 912 3094 reperiissem
930 3026 982 3093 „n
997 3045 1023 3081 e.
1043 3030 1094 3100 qui
1108 3039 1310 3086 ornamentum
1319 3039 1394 3083 tan-

168 3105 233 3150 tum
251 3098 283 3152 et'
299 3096 413 3173 insigne
432 3097 607 3152 senatorium
624 3095 755 3163 habebat,
778 3111 837 3150 non
861 3099 893 3150 in
916 3105 1047 3152 senatum
1071 3102 1212 3156 veniebat.
1246 3099 1392 3158 Eundem

168 3167 225 3222 Dio
240 3167 261 3224 l.
276 3167 297 3220 l.
315 3165 475 3236 βουλευτὴν,
493 3167 571 3224 Suet.
591 3168 612 3221 l.
627 3167 649 3219 l.
669 3168 797 3222 exactius
816 3168 990 3222 laticlauium
1008 3171 1136 3242 appellat
1153 3172 1182 3230 h.
1198 3191 1222 3228 e.
1240 3173 1392 3243 Equitem

121 3263 126 3272 ·
170 3239 325 3302 illustrem,
344 3241 395 3309 qui
414 3241 467 3293 leti
486 3239 562 3294 clavi
579 3239 736 3310 usurpandi
754 3241 798 3292 ius
815 3249 974 3310 acceperet,
1002 3259 1092 3312 quum
1115 3234 1242 3298 nondtim
1264 3253 1393 3298 senator

170 3309 272 3366 assett‘
290 3308 590 3366 remansisset.
626 3310 725 3376 „Ante
750 3318 780 3364 et
798 3312 849 3367 sub
872 3310 930 3366 hoc
946 3329 1050 3366 aevum
1069 3330 1140 3382 mos,
1169 3323 1204 3368 ut
1229 3315 1317 3369 liberi
1341 3335 1391 3371 se·

168 3388 304 3434 natorum
321 3381 381 3434 lato
400 3380 482 3435 clavo
501 3380 693 3434 induerentur
710 3399 767 3434 una
784 3397 850 3434 cum
873 3383 958 3436 virili
981 3391 1050 3461 toga
1077 3389 1230 3456 curiaeque
1256 3388 1390 3442 interes-

170 3459 250 3506 sent:
270 3451 347 3522 quod
365 3452 535 3504 institutum
552 3451 586 3504 ab
604 3451 742 3524 Augusto.
762 3471 791 3508 v.
811 3453 893 3509 Suet.
913 3454 974 3507 Oct.
995 3471 1019 3512 c.
1039 3457 1102 3513 38ss
1125 3456 1203 3525 lips.
1233 3458 1279 3513 Cf.
1299 3458 1338 3511 ad
1359 3465 1388 3526 l,

131 3537 134 3543 ’
168 3523 214 3588 te,
232 3526 257 3578 1.
275 3525 303 3587 2,
321 3524 366 3588 69,
384 3525 411 3578 2.
429 3525 456 3588 6,
475 3523 502 3586 2,
520 3525 545 3577 2.
567 3549 600 3559 -
618 3538 800 3590 congressus:
828 3525 859 3578 in
877 3523 940 3580 MS.
960 3525 1039 3580 Flor.
1059 3530 1207 3598 congressi
1228 3537 1303 3582 teste
1322 3529 1389 3583 Fu-

168 3593 222 3647 ria.
250 3624 284 3635 —
310 3593 376 3661 quia
393 3592 424 3646 vi
440 3598 622 3647 attentantem
644 3593 703 3650 MS.
730 3593 799 3668 Agr.
827 3603 885 3652 ret.
914 3595 974 3650 cod
999 3597 1102 3656 Danes.
1131 3597 1192 3654 edd.
1211 3601 1266 3653 lac.
1287 3599 1387 3654 Grcn.

166 3664 240 3718 Em.
260 3681 321 3735 sqq.
341 3672 374 3716 ut
390 3662 505 3718 volebat
522 3663 611 3718 Rhen.
648 3665 716 3734 quio
742 3669 791 3720 viu
817 3667 866 3722 vel
929 3669 1026 3723 iouia
1051 3677 1229 3740 temptantem
1251 3671 1303 3724 rel
1321 3677 1387 3726 ten·

167 3738 272 3788 tantem
289 3733 371 3790 MSS.
391 3735 470 3790 Flor.
489 3735 558 3814 lieg.
578 3737 676 3794 Guelt.
695 3737 763 3790 Bud.
787 3735 869 3792 Bodl.
892 3685 948 3795 ἵζε.
977 3741 1021 3794 ed
1040 3739 1120 3814 Spir.
1148 3744 1215 3812 quia
1236 3743 1294 3794 uim
1321 3751 1386 3797 ten·

167 3810 272 3859 tantem
290 3806 351 3860 edd.
370 3805 432 3860 Put-
453 3811 479 3862 1.
497 3810 524 3863 2.
552 3815 582 3862 et
599 3817 654 3866 cet.
680 3840 714 3850 —
738 3809 836 3862 deinde
860 3812 988 3878 agnitum
1014 3820 1153 3878 oraverat,
1179 3816 1240 3867 eius
1263 3817 1386 3868 veniam

166 3877 334 3948 deprecatus
352 3885 422 3934 erat.
442 3879 610 3947 adagnitum
627 3879 706 3935 MSS.
728 3879 807 3936 Flor.
826 3879 898 3934 Bud.
917 3882 987 3958 Agr.
1008 3883 1053 3938 ed.
1073 3883 1153 3957 Spir.
1172 3885 1322 3952 adagnitio
1336 3895 1385 3940 est

167 3965 213 4073 pp.
231 3946 358 4006 Tertull.
382 3947 446 4007 adv.
472 3951 559 4008 Marc.
578 3955 605 4018 4,
623 3955 666 4010 28.
692 3951 887 4022 adorgiritum
910 3955 972 4013 MS.
995 3955 1065 4034 Reg.
1096 3963 1123 4010 et
1147 3957 1274 4026 agntnn
1301 3958 1383 4012 coni.

196 4035 260 4072 ron.

236 4091 263 4146 2.
281 4089 357 4144 Nero
375 4097 486 4145 autema
504 4093 536 4147 in
554 4093 612 4150 MS.
633 4093 713 4149 Flor.
734 4094 820 4160 (teste
837 4095 938 4160 Furia)
955 4097 1031 4152 Nero
1049 4102 1116 4156 tum.
1144 4132 1177 4143 -
1194 4099 1302 4153 milites
1320 4099 1383 4154 sibi

166 4166 195 4214 et
210 4161 358 4244 pterosque
380 4162 559 4231 gladiatores
583 4165 775 4234 circumdedit,
800 4185 844 4239 ap.
864 4167 945 4226 Suet.
966 4171 988 4223 1.
1001 4169 1022 4223 1.
1049 4187 1186 4242 nunquam
1204 4177 1301 4241 posteo
1323 4187 1382 4240 pu-

165 4227 240 4285 dtico
257 4248 288 4286 ee
305 4233 378 4286 ittet
395 4231 478 4287 dorae
495 4235 558 4288 sine
576 4239 699 4292 tribunis
715 4237 856 4292 conuuisit
880 4243 980 4308 praeut
1001 4249 1029 4295 et
1053 4243 1160 4297 ocuctte
1186 4243 1381 4314 subsequenti-

166 4303 225 4358 δικ.
260 4304 407 4375 pterosque
423 4305 601 4376 gladiatores
618 4308 809 4384 (permrdtos)
825 4307 906 4369 MSS.
927 4311 1009 4368 Flor.
1029 4311 1099 4372 Bud.
1125 4314 1187 4372 edd.
1206 4313 1284 4385 Spin
1303 4315 1378 4369 lira.
