2826 4792
172 175 227 259 ,ct
294 227 296 237 .
586 172 939 248 inuenturum.
961 173 1022 252 Xl.

184 341 260 416 quod
276 348 342 400 erat
359 339 500 400 caedenti
516 341 648 416 lbincipi
663 341 798 400 intimum
813 340 1043 414 munitissumis
1057 339 1187 418 Poppses
1203 339 1398 423 st'l'igelliuc,

183 417 221 472 G.
239 419 284 475 36.
301 417 457 486 plurimum
473 417 600 471 uirorum
618 435 633 472 e
652 417 832 488 uerumque.“
870 415 978 472 Waltl.
999 417 1043 472 Gi·
1063 415 1100 472 sd
1118 419 1165 483 15,-
1184 420 1229 484 14,
1249 421 1274 472 1.
1294 425 1324 470 et
1341 418 1399 471 lud.

184 490 237 545 111.
260 508 289 544 r.
313 488 466 543 Adiectioa
489 495 599 542 neutra.
663 507 684 541 κ
709 485 766 544 MS.
791 486 861 565 Agr
882 488 1066 557 potissimum
1095 503 1131 559 qu
1214 505 1229 542 e
1253 489 1400 542 arniccrum

183 560 316 618 enotuit
333 561 559 625 Hsimiun.uon
575 559 715 631 Ryokius.
743 559 821 613 iiiuc
839 576 972 630 quemque
996 561 1148 614 inseruere
1193 557 1267 614 beri.
1287 567 1316 614 et
1334 562 1401 614 liin.

182 639 217 687 ut
241 639 271 686 ct
285 631 384 708 bell.
411 631 443 685 in
469 629 512 686 ed.
536 637 561 688 1.
589 639 619 686 et
645 629 749 686 Kiessl.
774 628 825 686 ssd
854 630 888 685 hi
913 633 1029 692 uncinis
1053 630 1208 684 inclusum·
1240 631 1402 700 potissimos

184 703 340 760 amicarum
358 701 401 758 ed.
420 701 513 772 Bekk.
528 705 558 760 ,2
578 711 612 757 ut
629 707 673 769 1³,
693 706 737 760 18.
757 719 802 773 pr.
823 733 856 745 -
875 701 922 756 rei
932 701 1139 770 frumentariae
1147 703 1323 772 praefectum
1335 703 1403 756 Tur-

183 776 309 843 ranium,
335 794 366 834 r.
389 775 426 830 ad
450 779 476 840 1,
496 777 570 840 Η.
596 775 769 828 Turranium
791 773 850 828 MS.
874 773 955 828 Flor.
981 771 1042 830 edd
1068 772 1145 846 Spin
1169 771 1260 828 Rhsn·
1279 776 1305 830 2
1325 778 1351 832 ³·
1376 782 1404 830 et

186 848 256 902 dein
282 862 393 904 omncs.
419 846 566 900 turonium
589 844 667 902 MSS.
695 845 792 901 Guelf·
817 853 846 902 et
869 843 939 899 liud.
970 845 1131 900 iberranum
1156 845 1219 899 cdd.
1244 843 1311 898 l'ut·
1336 850 1361 901 l.
1377 849 1403 902 2.

184 919 251 974 lior.
269 917 361 973 libsn.
381 922 406 974 1.
425 949 459 962 --
474 923 541 987 pest
567 914 692 990 (postes,
709 914 825 985 deinde)
851 914 970 972 Leonum
988 917 1087 972 Getam
1098 915 1300 1041 praetorianis
1318 915 1406 986 impe¹

184 991 281 1056 situm
299 1007 328 1043 r·
347 989 384 1045 sd
401 1005 426 1046 o.
445 990 471 1044 2
490 1006 520 1041 n.
541 991 566 1046 1.
602 987 720 1044 Lusium
738 987 815 1042 MSS.
833 987 915 1043 lllor.
936 989 1035 1044 Gueli.
1054 987 1097 1042 Bu
1118 1025 1126 1042 .
1146 985 1208 1042 edd.
1228 985 1247 1041 S
1269 989 1305 1040 ir.
1325 989 1402 1060 Lips.

183 1071 217 1120 et
239 1077 299 1117 rea.
317 1058 450 1114 Luscium
473 1058 535 1113 edd.
559 1059 622 1114 rus.
642 1063 719 1118 1.1.’
740 1057 805 1114 Ber.
825 1057 943 1114 lucium
961 1057 1023 1116 edd.
1042 1057 1137 1114 liben.
1155 1057 1221 1112 ild.
1264 1061 1286 1112 l.
1306 1059 1345 1114 nd
1363 1063 1404 1124 12,

183 1137 231 1200 tn
249 1137 276 1190 1.
294 1133 445 1202 impostum
462 1131 518 1186 MS.
538 1131 617 1186 Flos.
636 1140 710 1188 teste
721 1130 819 1186 Furia.
838 1130 1025 1200 inposterum
1042 1129 1085 1186 sd.
1103 1147 1150 1202 pr.
1172 1161 1205 1174 -
1220 1129 1406 1200 percantcuur

185 1204 230 1262 ed.
250 1203 327 1276 Spir.
344 1211 548 1274 permutatur
566 1201 629 1258 odd.
648 1211 705 1258 oet.
730 1222 760 1259 r.
785 1201 822 1258 sd
840 1203 875 1257 G.
893 1207 937 1260 11.
964 1221 994 1256 u.
1012 1205 1038 1259 8.
1057 1235 1092 1246 -
1129 1201 1234 1258 Quibus
1252 1203 1406 1268 fatentibus

184 1275 262 1331 MSS.
282 1275 379 1330 Guelf·
398 1273 468 1330 Bud.
490 1275 552 1331 edd.
572 1275 634 1331 Put.
654 1281 679 1332 1·
699 1277 727 1332 2.
747 1283 777 1328 st
793 1273 863 1329 dein
880 1291 988 1330 omnes.
1008 1272 1058 1328 Sic
1076 1279 1106 1328 et
1123 1272 1181 1328 MS.
1201 1273 1280 1328 l'lor.
1301 1276 1330 1328 si
1343 1275 1406 1328 Vio-

180 1350 272 1411 sorio,
292 1345 341 1403 sed
359 1348 461 1417 quibus
478 1347 658 1414 facientibus,
677 1347 702 1401 si
721 1345 838 1414 Furiae,
858 1346 969 1418 etquis
986 1345 1153 1412 latentibus,
1173 1344 1199 1398 si
1216 1346 1272 1400 lac.
1293 1346 1406 1399 Grono-

175 1423 234 1475 -rio
252 1419 323 1474 fides
341 1417 478 1474 habende.
515 1419 593 1473 ilinc
610 1419 675 1490 quis
691 1419 847 1486 fatentibus
865 1420 1010 1489 scripsere
1028 1417 1086 1470 luc.
1097 1415 1188 1470 Gron.
1199 1415 1289 1472 Bekk.
1301 1415 1406 1472 Kiessl.

184 1489 576 1558 wiltunensium
615 1489 720 1546 Quibus
743 1489 900 1548 tacentibus
925 1487 1004 1547 MSS.
1029 1487 1122 1558 lipsii
1148 1485 1260 1554 (nescio
1285 1490 1353 1560 qui)
1381 1495 1406 1542 et

184 1564 230 1622 ρᾶς
250 1561 328 1635 Spir.
348 1561 425 1633 quod
444 1563 547 1616 arrisit
557 1561 689 1616 Acidalio
708 1571 738 1616 et
755 1561 885 1614 arridere
902 1557 1009 1632 potest,
1029 1561 1055 1613 si
1063 1565 1246 1628 percontatus
1265 1569 1311 1614 est
1323 1559 1406 1615 clau.

184 1635 250 1690 dius
269 1649 331 1687 non
349 1633 420 1704 quid
438 1633 589 1689 Messalina
609 1639 639 1688 et
657 1631 746 1688 Silius
763 1631 901 1698 iecerint,
929 1634 980 1687 sed
1002 1630 1073 1703 quid
1091 1630 1147 1684 sibi
1165 1647 1244 1684 nunc
1260 1629 1406 1707 agendum

185 1708 235 1774 sit,
260 1714 290 1759 et
308 1704 356 1758 ilii
375 1705 407 1760 iu
426 1723 459 1760 rs
478 1704 573 1760 cubitu
589 1710 752 1771 tacuerunt,
771 1705 863 1757 nescii
884 1701 955 1827 spplici
972 1702 1181 1774 responderent
1205 1701 1406 1766 suades-entre.

186 1779 293 1836 Quibus
317 1775 514 1832 dubitantibus
539 1783 567 1831 et
590 1775 712 1830 incertis
735 1772 824 1828 ceteri
847 1791 870 1832 c.
925 1774 955 1829 8.
974 1773 1045 1852 Agr.
1066 1801 1098 1812 -
1118 1773 1251 1827 certatim
1268 1777 1406 1828 omissum

184 1851 218 1904 in
237 1847 293 1904 MS.
312 1846 395 1902 liudi.
416 1849 470 1903 Pro
492 1864 526 1903 eo
550 1847 668 1902 certium
689 1847 721 1900 in
739 1845 796 1900 MS·
816 1845 896 1900 Flor.
922 1845 999 1901 unde
1018 1846 1074 1900 isc.
1094 1845 1184 1899 Gron.
1203 1844 1277 1900 coni.
1299 1846 1406 1900 certius

184 1919 216 1975 lu.
235 1939 260 1976 ο.
281 1921 483 1986 confidentius,
501 1928 656 1992 postquem
673 1918 836 1972 amicorum
875 1917 1000 1971 otissimi
1018 1917 1049 1970 id
1066 1917 1182 1988 aperire
1200 1915 1406 1972 sustinuerant

184 1993 262 2048 Ante
286 1993 415 2046 certatim
438 1987 580 2046 insertum
604 1989 705 2044 licium
723 1991 754 2043 in
771 1989 829 2043 MS·
879 1987 948 2043 usli.
977 1995 1007 2042 et
1030 1988 1144 2042 lumin
1169 1985 1228 2042 edd
1248 1987 1315 2042 Pul.
1336 1994 1363 2045 1.
1382 1991 1406 2044 2.

185 2072 213 2120 et
234 2072 289 2118 cst.
309 2071 376 2117 unte
395 2060 492 2118 Oberl.
518 2079 578 2130 non
601 2063 632 2115 iu
651 2059 728 2114 MSS.
747 2061 828 2118 Flos,
847 2059 919 2136 Reg.
938 2059 1020 2113 Bodl.
1039 2058 1109 2113 liud.
1136 2066 1166 2113 et
1184 2059 1228 2113 ed.
1248 2057 1329 2131 Spir.
1351 2076 1406 2112 cer*

185 2136 273 2192 tatim
290 2139 348 2188 tum
365 2135 443 2188 coni.
459 2129 565 2188 Kisssl.
589 2132 646 2188 Sed
664 2133 706 2187 its
724 2132 857 2187 certatim
880 2147 939 2184 non
965 2131 1063 2186 miuus
1090 2131 1220 2215 languet.
1246 2163 1276 2175 -
1302 2132 1363 2185 iret
1382 2131 1406 2184 in

185 2213 282 2262 metra
309 2207 466 2279 praetoris.
504 2237 538 2249 -
560 2205 737 2275 praetoriae:
767 2205 800 2258 in
831 2202 876 2262 sd.
908 2201 987 2273 Spir.
1014 2209 1226 2274 praetor-sanas.
1269 2201 1319 2257 Ad
1348 2217 1406 2258 rem

184 2282 263 2335 cans.
282 2275 361 2332 Suet.
382 2275 483 2331 Claud.
502 2294 529 2330 o.
548 2281 591 2334 36·
1236 2298 1240 2308 ⁴

255 2351 283 2406 2.
302 2365 333 2402 ec
349 2363 456 2416 pavore
473 2349 603 2416 offusum,
621 2349 661 2402 cf.
682 2345 744 2400 lud.
761 2345 801 2400 11.
821 2361 853 2400 eo
868 2344 988 2415 pavoris
1005 2347 1123 2413 effusum
1140 2343 1199 2400 MS.
1219 2344 1243 2399 A
1284 2343 1406 2414 .-pri·

184 2427 278 2488 uatus,
298 2438 328 2473 v.
348 2419 412 2474 ind.
431 2420 470 2472 ll.
490 2453 523 2464 -
542 2435 598 2474 non
615 2419 693 2474 alias
710 2418 835 2472 solutior
853 2419 921 2471 lucu
938 2417 986 2472 vsl
1004 2417 1036 2472 in
1055 2418 1161 2481 lusum,
1178 2425 1212 2470 ut
1258 2459 1265 2474 .
1283 2419 1311 2482 2,
1325 2421 1374 2482 99,
1385 2419 1406 2472 ii

185 2508 242 2564 qua
261 2495 297 2546 nb
316 2491 378 2546 alia
396 2489 521 2546 solutior
538 2491 559 2544 l.
588 2491 633 2546 ed.
653 2487 732 2574 Spir.
752 2521 786 2534 -
805 2489 903 2544 adulto
930 2495 1078 2543 auctumno
1103 2489 1287 2542 simulacrum
1311 2488 1406 2558 vinda

184 2564 260 2617 miae
276 2579 328 2634 per
339 2563 450 2617 domum
461 2562 635 2617 celebrabat:
654 2580 698 2627 „n
719 2577 743 2614 e.
763 2579 862 2616 mense
871 2560 999 2628 Octobri,
1019 2577 1076 2631 quo
1096 2563 1185 2616 etism
1203 2561 1235 2614 iu
1252 2557 1406 2636 horologii

183 2636 280 2690 veteri
298 2633 404 2689 Romae
422 2635 569 2712 signatum
586 2631 744 2688 vindemiae
760 2648 875 2686 sacrum
892 2630 1011 2697 Libero;
1037 2633 1115 2704 quod
1134 2641 1228 2686 temen
1246 2629 1406 2702 Atheniens

186 2722 231 2762 ses
250 2706 518 2761 menseNovsmbri
537 2704 698 2762 celebrasse
715 2703 743 2758 le
765 2704 773 2718 ’
794 2701 972 2757 inPhilostr·
992 2708 1019 2770 t,
1038 2705 1081 2760 21.
1119 2703 1152 2761 G.
1172 2703 1329 2757 Caesarem
1350 2707 1406 2757 con

186 2784 246 2833 stat
261 2777 387 2847 primum
404 2793 488 2830 sacre
506 2777 606 2847 liberi
620 2775 718 2844 patris
755 2775 925 2829 ranstuliste
943 2775 1061 2828 Romam
1079 2773 1160 2829 Serr-
1187 2773 1223 2828 sd
1240 2775 1327 2850 Virg.
1360 2771 1406 2844 eci

184 2850 277 2918 Mi·
314 2849 382 2904 ideo
401 2865 507 2902 numus
525 2865 680 2933 percussus
700 2845 731 2900 0.
752 2847 878 2912 cassari,
891 2847 930 2902 in
948 2848 1029 2899 ouius
1047 2853 1129 2917 perte
1148 2845 1179 2900 G.
1199 2845 1301 2900 Vibius
1317 2845 1406 2918 Rufus

184 2923 382 2992 stimpressu
403 2938 462 2986 are,
494 2935 542 2973 cm
572 2933 696 3004 persons
719 2916 876 2972 histrionis
899 2918 1036 2988 impositu
1061 2927 1090 2973 st
1115 2916 1235 2988 thyrsus
1259 2918 1406 2992 tigrisque

184 2991 329 3046 adiuncta.
343 3035 349 3050 .
365 2990 551 3062 Lampridius
570 3009 601 3044 su
620 2989 735 3070 Heliog.
757 2994 798 3045 ll.
820 3005 903 3058 quum
921 2989 960 3043 ad
977 2989 1147 3044 vindemiam
1161 2995 1287 3043 vocasset
1299 2985 1406 3042 anu'coi

184 3063 341 3121 nobileset
359 3063 400 3116 ad
415 3063 512 3116 corbes
529 3063 659 3142 sedisset?
678 3059 881 3130 gravissimum
900 3075 1031 3130 queanue
1052 3059 1219 3128 percontari
1242 3060 1352 3128 coepit,
1381 3063 1406 3120 at

183 3141 260 3189 esset
275 3141 422 3203 promptus
440 3135 473 3188 in
495 3134 635 3189 Venerem.
672 3130 859 3202 Posteaquam
887 3147 964 3184 senes
988 3131 1063 3186 vidit
1088 3133 1257 3198 erubescere,
1284 3129 1406 3194 contuli

184 3221 216 3259 se
233 3205 272 3258 ad
289 3204 411 3261 iuuenes.
448 3207 476 3258 A
495 3207 596 3274 quibus
615 3221 697 3276 quum
715 3203 830 3257 audiret
854 3203 945 3256 aetati
963 3219 1099 3272 congrua,
1123 3203 1250 3272 gaudere
1267 3204 1369 3272 coepit
1393 3201 1406 3256 e]

184 3276 282 3331 dicere
299 3293 364 3330 vere
380 3276 536 3330 liberam
553 3276 624 3342 (nisi
642 3275 701 3352 leg.
721 3272 864 3340 Liberam,
891 3275 940 3328 vel
964 3276 1070 3329 Libero
1096 3275 1333 3340 convenientem,
1367 3279 1406 3330 su

184 3347 294 3415 libers)
312 3347 529 3400 vindemiam
546 3362 614 3414 esse,
643 3348 785 3416 puamsic
804 3347 986 3400 celebrarent.
1023 3346 1131 3400 Ferunt
1155 3345 1249 3412 multi,
1279 3345 1316 3398 ab
1350 3345 1406 3414 ipss

181 3419 307 3490 primum
324 3424 475 3488 repertum,
494 3426 526 3473 ut
544 3419 575 3471 in
593 3417 799 3472 vindemiarum
816 3419 888 3485 festo
906 3419 996 3471 multa
1014 3417 1046 3470 in
1065 3416 1193 3472 dominos
1217 3417 1372 3472 iocularia
1394 3431 1406 3492 e

185 3490 366 3545 audientibus
385 3489 509 3544 dominis
528 3489 698 3542 dicerentur.
736 3488 918 3559 Capitolinus
938 3490 969 3542 in
986 3488 1094 3544 Anton.
1115 3488 1165 3544 Pio
1183 3489 1221 3542 11.
1247 3487 1406 3558 vindemia

182 3561 293 3632 privati
309 3562 396 3616 moda
409 3578 470 3615 cum
488 3560 590 3614 amicis
608 3561 719 3628 agebat.
756 3560 861 3614 Paulus
888 3557 1032 3614 Diaconos
1055 3558 1091 3613 de
1115 3561 1207 3637 gestis
1233 3561 1293 3614 Lau
1337 3559 1406 3620 bd

184 3635 415 3702 suprasedente
436 3632 551 3686 Tiberio
570 3631 732 3697 cirillum,
763 3637 794 3683 ut
820 3631 903 3684 iusta
928 3632 1019 3684 ritum
1045 3630 1222 3701 imperialem
1239 3631 1269 3684 Χ
1353 3635 1406 3686 die

185 3704 225 3758 ad
241 3704 412 3759 vindemiam
429 3703 639 3759 iocundareiur.
660 3701 719 3766 (its
738 3711 767 3757 et
785 3701 911 3780 Gregor.
935 3701 1044 3758 Toron.
1064 3707 1091 3770 ὅ,
1110 3705 1166 3770 31.)
1203 3701 1406 3760 Tertullianu

184 3775 220 3830 do
238 3792 299 3830 cor.
320 3793 345 3830 c.
365 3778 390 3832 7.
409 3777 460 3830 sed
484 3781 511 3828 et
536 3775 612 3828 alias
629 3773 760 3828 liberum
782 3774 939 3844 principem
961 3789 1082 3827 coronae
1102 3775 1187 3843 plane
1210 3775 1327 3828 laureae
1352 3819 1360 3832 .
1385 3816 1394 3830 .

184 3845 274 3901 etiam
290 3847 392 3917 vulgus
411 3846 551 3915 agnoscit,
580 3863 662 3918 quum
687 3847 749 3900 dies
774 3847 807 3900 in
831 3847 913 3899 illum
937 3846 1075 3899 sollennes
1103 3847 1228 3915 appellat
1245 3862 1406 3914 magnas

185 3933 360 3972 eoronam.
397 3918 463 3972 Alis
481 3917 516 3972 sb
534 3917 589 3972 hoc
606 3921 682 3973 testo
701 3917 871 3972 vindeminli
890 3917 1045 3982 liberalia,
1072 3935 1146 3988 quse
1169 3919 1304 3989 antiquus
1326 3923 1406 3990 eran

185 3989 351 4060 libensque
369 3991 413 4044 rei
431 3989 564 4062 publicus
583 3997 612 4044 st
626 3989 796 4044 incidebant
815 3991 846 4043 in
863 3989 913 4042 XV
932 3987 995 4044 Kal.
1014 3987 1144 4059 Apriles.
1164 4007 1192 4043 v.
1212 3992 1309 4043 Varr:
1323 3991 1364 4043 1..
1392 3991 1406 4054 l

127 4077 132 4084 '
184 4063 211 4118 b·
232 4069 261 4114 st
279 4059 484 4115 Kalendsrium
501 4060 604 4116 numu
623 4058 702 4129 lips.
739 4061 792 4126 „ln
820 4059 941 4115 Kalend.
969 4066 1027 4116 vet.
1050 4059 1123 4115 Non.
1144 4059 1220 4129 Sept.
1244 4061 1395 4116 Vindemi
1405 4055 1406 4070 ¹

185 4131 242 4187 Sed
260 4148 278 4186 a
296 4132 326 4187 X
342 4133 408 4190 Kal.
427 4132 503 4202 Sept.
522 4147 556 4186 us
576 4149 610 4186 ue
627 4132 660 4185 in
677 4130 743 4185 idus
762 4131 822 4189 Oct.
847 4131 1029 4186 vindemiabis
1051 4131 1127 4198 feria
1151 4133 1316 4186 conceditur
1341 4079 1406 4190 Coi

184 4202 206 4257 l.
225 4205 252 4260 3.
271 4205 318 4260 tit.
338 4208 382 4261 12.
400 4201 437 4258 de
454 4203 538 4260 feriis
557 4151 617 4332 ἒξ.
633 4207 663 4262 2.
688 4203 841 4258 Messalina
858 4220 917 4258 non
935 4203 1029 4274 ipsun
1046 4203 1219 4259 vindemiam
1235 4204 1406 4274 celebrabai

185 4272 237 4331 sed
252 4275 438 4334 simulacrum
455 4275 546 4334 eius.“
631 4282 654 4331 t.
683 4275 783 4332 adulto
807 4282 964 4344 aucturum,
992 4294 1022 4332 v·
1040 4272 1076 4331 sd
1092 4279 1120 4344 2,
1139 4279 1185 4346 23,
1212 4279 1237 4334 1.
1273 4281 1406 4344 autumn
