2814 4792
166 218 313 286 claur
334 219 446 290 xxv,
477 219 607 294 xxva
635 223 688 304 (a,
711 205 761 290 u.¹
774 225 845 292 aaa.
867 225 907 291 A.
930 225 965 292 c.
987 227 1055 310 ss.)
1165 231 1230 300 aea

18 391 87 442 niam
107 388 291 442 munima·
310 395 355 442 eat
371 395 517 444 temtum
534 397 656 456 meam,
683 389 835 464 Atropatia
857 392 922 447 scil.
946 393 1011 449 aive
1035 409 1104 466 para
1122 394 1230 452 Mediae

18 460 47 512 ad
69 475 151 513 mare
179 459 350 530 Hyrcanum
371 469 518 530 porrecta,
545 461 619 516 baec
636 477 707 516 vero
725 462 839 518 Parthia
856 464 994 535 parebat)
1023 482 1118 536 nequa
1140 467 1230 521 etiam

20 533 84 584 mari
110 531 229 602 caspio,
260 528 338 604 quod
359 538 389 585 et
413 529 502 586 bodie
524 533 687 588 difficulter
709 535 876 612 navigatur,
905 535 956 590 aad
977 551 1033 608 per
1050 535 1166 608 Syriam
1193 539 1231 592 ud

19 619 81 656 mre
97 603 209 656 ntra·
235 601 266 660 h.
287 621 311 657 e.
335 601 469 656 indicum
487 621 510 658 s.
531 606 627 659 sinum
644 605 800 660 Persicum.
827 606 866 672 (r.
884 607 919 660 ad
937 609 964 676 2,
983 610 1027 671 ol,
1049 608 1090 674 3.)
1107 609 1231 664 Partho-

20 693 74 726 rum
92 690 168 728 raro
185 675 259 728 lines
277 691 336 729 non
354 675 499 728 maritima
517 676 571 730 illa
589 677 686 730 omnia
704 679 867 754 tangebant.
886 678 1005 732 Susiana
1023 681 1112 748 enim,
1134 680 1229 734 Peraia

19 754 42 798 et
57 746 215 799 Carmania
233 747 312 800 inter
329 759 430 798 eorum
447 747 615 818 provinciae
633 764 692 801 non
711 757 881 820 comparent
897 768 914 803 a
934 749 973 803 ud
991 747 1136 806 laidorum
1155 749 1230 808 cna-

17 834 161 880 noenum,
179 819 316 888 quoniam
334 817 437 871 Peme
454 834 570 942 temper
586 821 741 891 proprium
761 837 864 898 regem
882 767 1054 890 habuerunt,
1073 823 1146 878 licet
1162 823 1230 876 Par-
1308 819 1319 832 '

20 888 129 941 iberum
149 887 382 959 stipendiarium.
402 906 429 946 r.
449 888 515 943 Stra
534 927 542 942 .
561 889 625 947 XV.
662 891 718 946 Per
735 891 823 946 buius
850 893 946 968 igitur
962 901 1056 948 terras
1074 901 1105 948 et
1121 893 1229 948 ultima

18 959 128 1024 bladino,
148 975 223 1030 quae
234 961 356 1014 tortasse
369 959 500 1031 Hyrcani
518 961 650 1016 exercitu
667 971 730 1016 tum
743 963 918 1029 insederant,
936 965 1061 1036 patriam
1076 965 1230 1037 repetiisse

18 1031 184 1086 ridentur.“
213 1031 296 1100 Μ.
334 1031 434 1096 „Haeo
460 1031 590 1104 llyckiua
615 1035 763 1104 persuasit
785 1035 858 1088 Idm.
885 1035 979 1090 Oberl.
1005 1045 1034 1090 at
1052 1035 1117 1090 aliia
1135 1053 1230 1105 noque

19 1119 80 1156 vero
99 1101 292 1158 strumbacio.
328 1101 386 1156 Sed
402 1102 488 1173 plana
505 1119 566 1158 nen
590 1103 729 1177 eat-quod
750 1107 947 1178 corruptelam
965 1115 1077 1183 arguat.
1115 1105 1229 1184 Oogita,

18 1175 120 1249 legatos
140 1173 346 1244 Hyrcanorum
365 1175 398 1228 ab
416 1174 494 1230 Urba
512 1177 711 1252 regredientes
729 1179 844 1234 venisse
867 1180 899 1232 in
917 1177 1049 1248 Syriam
1075 1177 1134 1233 buo
1151 1179 1230 1234 enim

17 1245 133 1300 timebat
150 1245 348 1322 navigationis
372 1263 482 1301 wreus.
528 1249 609 1304 Quod
632 1249 658 1303 ai
679 1249 821 1316 admittis,
849 1266 908 1304 non
931 1249 1083 1315 dubitabis,
1107 1251 1187 1306 riam
1214 1267 1231 1305 a

16 1315 100 1386 Syria
117 1316 158 1368 αὶ
172 1332 246 1371 nure
263 1319 370 1372 rubram
388 1336 410 1372 s.
430 1319 575 1386 Indicum,
593 1327 628 1372 ut
645 1319 749 1376 deinde
765 1323 858 1376 Arare
876 1318 1002 1377 rel'alio
1021 1319 1110 1376 fluvio
1129 1321 1230 1376 subre-

17 1387 165 1452 berentur‚
192 1389 288 1447 multo
315 1390 540 1446 commodiorem
564 1391 656 1445 fuisse
679 1409 766 1462 maan
793 1408 865 1461 quae
890 1394 1027 1446 terrestri
1052 1393 1158 1448 itinera
1175 1410 1230 1464 per

18 1469 104 1513 raama
123 1459 302 1530 infestasque
328 1460 463 1546 regiones
490 1462 525 1516 ad
551 1479 632 1516 mare
651 1462 786 1534 caspium
803 1480 853 1518 eoa
871 1463 1009 1517 duxisset.
1045 1463 1231 1518 Nimirume

17 1528 98 1597 Syria
114 1529 154 1583 ad
171 1530 268 1583 sinum
291 1532 441 1584 Persicum
464 1540 578 1586 constat
593 1535 684 1592 {uisae
711 1535 770 1590 iter
793 1533 1080 1612 peregrinationibus
1096 1553 1231 1591 mercan-

18 1603 85 1654 tium
104 1600 296 1656 witiaaimum
315 1617 407 1674 eoquo
425 1603 634 1680 butiaaimum.“
659 1606 765 1660 Wattl.

436 1743 630 1801 catur
669 1748 794 1802 xxv1.

90 1834 183 1898 Quin
205 1842 239 1898 at
258 1831 437 1898 Tiridaten
458 1829 520 1920 p'er
535 1835 654 1900 Medos
674 1851 823 1901 extrema
836 1840 1015 1904 Armeniae
1035 1841 1229 1916 intrantem,

16 1919 197 1997 praemisso
217 1937 293 1980 oum
315 1919 449 1982 auxiliis
470 1919 646 1983 Verulano
673 1921 793 2008 legato,
826 1931 927 2005 atque
948 1926 1019 2008 ipse
1040 1921 1230 2010 legionibus

17 2003 86 2063 citis
107 2001 204 2063 abire
223 2002 341 2085 procul
362 2020 401 2064 ac
416 2022 507 2086 epam
525 2004 604 2066 belli
625 2007 781 2068 amittere
798 2006 945 2093 subegit3
968 2025 1113 2090 quosque
1134 2003 1230 2068 nebia

17 2085 54 2144 ob
74 2103 191 2172 regem
211 2103 348 2148 aversos
368 2087 488 2148 animis
509 2097 727 2174 cognoverat,
748 2077 902 2154 caedibus
923 2097 957 2152 et
972 2088 1134 2152 incendiis
1154 2107 1231 2170 per-

17 2167 192 2246 populatus
228 2170 471 2251 posaessionam
501 2171 681 2234 Armeniae
717 2173 912 2256 usurpabat,
955 2193 1056 2256 quum
1095 2169 1232 2235 advenit

17 2247 178 2336 Tigranes
200 2271 219 2313 a
238 2251 375 2314 Nerone
395 2250 438 2314 ad
459 2252 695 2338 capessendum
713 2256 894 2336 imperium
916 2253 1076 2327 delectus,
1105 2251 1231 2337 Cappa·

16 2332 134 2394 docum
154 2353 197 2397 ex
216 2336 403 2413 nobilitate,
424 2336 515 2422 regis
536 2336 694 2400 Archelai
714 2359 828 2422 napea,
854 2339 923 2417 ead,
949 2337 1037 2422 quod
1057 2337 1116 2400 diu
1136 2339 1230 2400 obses

16 2415 99 2523 apud
126 2415 254 2480 Urbem
284 2421 406 2498 iuerat,
443 2418 621 2502 usquead
648 2423 804 2485 servilem
831 2425 1025 2504 patientiam
1055 2420 1227 2520 demissus.

15 2499 1231 2730 paepuffinsaetnpperppppppp}erppppntpappffiupoppppsifapptpamlpspcp:

15 2669 117 2727 mania
139 2685 257 2754 regern
277 2667 455 2737 malebant.
499 2667 660 2730 Additum
681 2677 716 2732 et
736 2671 847 2752 praesi

14 2751 65 2827 rii,
86 2761 158 2814 tres
180 2752 349 2813 sociorum
370 2750 526 2838 cohortes
548 2751 697 2835 duaeque
718 2755 868 2835 equitum
896 2753 978 2829 alae,
1008 2771 1071 2833 quo
1100 2752 1231 2812 facilius

13 2851 136 2896 novum
158 2853 301 2934 regpum
322 2841 488 2936 tueretur.
532 2835 828 2936 ParaArmeniae,
866 2843 905 2897 ut
936 2835 1057 2934 cuique
1078 2835 1230 2910 finitima,

13 2915 231 3063 {wli
250 2917 486 3063 Piillllll
497 2917 1231 3085 stillssllltlrt‘sstttlttllllttsslt

11 3103 149 3144 saeuam
173 3101 212 3144 ac
233 3081 297 3146 sibi
321 3085 527 3166 permissam.

79 3171 106 3222 l.
126 3165 286 3232 maara,
304 3185 332 3220 r.
350 3164 414 3220 ind
433 3167 458 3219 1.
478 3199 512 3210 -
547 3181 603 3219 cara
620 3166 752 3221 mettim
778 3168 810 3220 in
828 3168 872 3222 ed.
891 3165 1045 3239 Spinonem
1061 3162 1176 3219 rutilio.
1196 3193 1230 3208 -

15 3237 154 3291 Verritum
173 3235 281 3292 Severo
299 3239 403 3304 tegata,
422 3239 461 3294 ci.
482 3241 527 3306 15,
544 3242 572 3296 8-
592 3269 625 3282 -
663 3239 819 3305 legionibus
835 3237 918 3293 cilia.-
943 3239 975 3292 in
1000 3236 1058 3294 MS.
1077 3237 1146 3314 Bag.
1172 3237 1230 3303 leg.

9 3310 71 3360 uate.
92 3341 128 3353 -
166 3324 237 3375 apen
261 3310 482 3378 telonarium,
510 3330 540 3366 v.
563 3308 600 3363 cd
623 3313 668 3376 13,
692 3314 737 3375 46,
762 3313 788 3366 2.
820 3311 942 3364 omittere
969 3311 1026 3368 MS.
1050 3309 1122 3387 lgr
1146 3309 1230 3380 prob.

11 3379 110 3436 lleins.
148 3380 256 3433 reaten
272 3382 348 3436 coni.
372 3379 453 3436 Acid.
473 3415 506 3424 -
543 3382 576 3434 ob
593 3395 684 3446 regem
708 3397 817 3435 everam
835 3381 933 3436 animia
949 3382 1011 3436 edd.
1030 3384 1092 3436 Put.
1112 3385 1137 3437 1.
1156 3382 1183 3437 2·
1202 3387 1232 3434 at

9 3451 75 3504 dein
96 3467 208 3509 omnes.
245 3451 278 3504 ob
295 3467 386 3517 regem
403 3453 532 3506 adunaoa
549 3451 646 3506 animia
663 3453 739 3508 MSS.
758 3451 841 3510 Harl.
860 3453 942 3508 Bodl.
962 3452 1016 3508 Iea.
1036 3451 1135 3510 Guali.
1162 3451 1231 3504 ulie-

8 3539 53 3574 aaa
77 3523 191 3586 mino,
217 3521 277 3578 MS.
297 3523 371 3649 ὣς.
413 3539 534 3596 quotque
566 3524 647 3577 nodia
673 3540 789 3579 averaoa
816 3525 922 3580 animia
949 3525 1010 3580 edd
1037 3523 1128 3581 Bebk.
1156 3521 1229 3578 Ritt·

7 3593 50 3646 Er
77 3595 140 3651 ills.
167 3593 247 3649 Flor.
274 3596 305 3648 n'
377 3597 507 3651 enotavit
529 3596 605 3652 vict.
634 3597 685 3651 sed
710 3597 745 3648 ab
771 3611 838 3662 rege
863 3595 970 3663 animia,
999 3596 1111 3670 syllaba
1131 3608 1170 3661 ge
1196 3595 1231 3648 ab

8 3664 107 3721 eadem
135 3683 226 3720 manu
251 3669 458 3738 superscripta,
493 3667 550 3724 lac.
583 3669 674 3723 Gron.
697 3675 734 3722 et
764 3669 866 3732 Furia,
902 3669 961 3723 nisi
988 3669 1065 3738 quod
1090 3667 1141 3722 bic
1169 3666 1232 3720 ani·

8 3739 47 3790 aa'a
69 3739 169 3814 legit:
199 3737 335 3810 idemque
361 3741 510 3810 reperitur
536 3740 569 3792 in
593 3737 672 3793 MSS.
695 3739 765 3815 lieg.
791 3739 874 3796 Coa-b.
901 3749 931 3796 et
957 3738 1001 3793 ed.
1028 3738 1108 3810 spir.
1153 3737 1233 3792 ilino

8 3811 160 3864 dierrere
190 3811 290 3864 mia
320 3825 381 3865 non
413 3812 490 3868 male
520 3813 595 3865 coni.
631 3809 687 3866 lac.
715 3812 809 3865 Gron.
838 3841 871 3856 -
913 3811 1075 3878 armabat:
1112 3810 1145 3863 in
1171 3807 1255 3864 mss

9 3881 73 3937 liud.
95 3881 252 3950 camalet
270 3891 300 3937 at
317 3883 349 3935 in
366 3901 459 3961 marg.
478 3883 635 3951 amputat.
656 3913 690 3926 -
729 3883 866 3947 ‘ligraaaa
883 3883 1047 4008 Cappadox.
1075 3881 1121 3936 Gi.
1141 3883 1185 3946 16,
1204 3884 1232 3936 1.

13 3979 38 3989 -
57 3955 186 4008 delectu
208 3953 288 4009 abeat
310 3975 327 4010 a
351 3955 431 4010 MSS.
458 3955 542 4009 llari.
566 3955 620 4012 lea.
643 3953 741 4012 Guelf.
766 3961 797 4008 et
819 3971 932 4009 commo
954 3971 970 4010 e
995 3969 1064 4007 aane
1085 3952 1231 4018 abfuerim

9 4023 71 4078 Εη.
112 4025 172 4081 Sed
194 4028 237 4081 ita
259 4027 357 4080 minua
389 4034 458 4099 apta
480 4025 569 4082 rerba
592 4042 611 4079 α
637 4025 756 4083 Nereae.
792 4023 838 4084 Oi.
864 4025 900 4080 ad
925 4027 953 4091 ²,
980 4027 1059 4091 ³‚2
1079 4051 1113 4062 -
1153 4020 1233 4106 regia

9 4097 201 4164 Arelatem.
220 4098 366 4165 adul,
385 4103 411 4156 1.
430 4097 573 4166 -smd
597 4097 706 4162 Uram,
735 4116 764 4152 r.
790 4098 826 4151 ad
848 4099 876 4164 ³,
895 4099 986 4164 ⁴⁸2²·
1006 4127 1040 4140 -·
1076 4095 1231 4149 Arsacida-

8 4185 70 4238 πε,
90 4189 125 4224 v.
145 4169 181 4225 ad
197 4173 226 4238 2,
245 4173 271 4236 1,
291 4173 316 4226 1.
353 4167 798 4240 unumquempiam.
818 4167 898 4226 Flor.
918 4167 1008 4224 etad.
1027 4167 1105 4240 Spir.
1126 4199 1158 4212 -
1182 4166 1229 4217 da-

7 4242 369 4310 Mommsen,
391 4241 612 4308 mdsssts

74 4317 104 4372 2
134 4313 264 4370 meaa
288 4320 315 4368 el
340 4313 507 4384 pacatum
530 4311 609 4372 MSS.
637 4313 716 4373 l'lor.
739 4312 825 4374 Corb.
851 4313 921 4368 Bud.
947 4311 1045 4370 Gueli.
1070 4309 1132 4366 edd.
1151 4307 1227 4382 Spir.

871 2671 951 2747 ium,
973 2669 1065 2731 mille
1086 2668 1233 2754 legiona-
