2814 4792
1182 2 1399 9 ————.

163 240 309 308 CAPUT
328 238 662 308 xnvt-xnvnt.
690 239 806 322 (1.0.
829 241 902 312 att.
924 241 964 306 Δ.
982 239 1018 308 0.
1034 241 1103 324 61)
1184 243 1246 312 311
1270 183 1273 192 ‘

386 403 629 464 *casua
680 374 878 468 xuv11.'

103 515 152 578 Eo
173 533 262 580 auno
283 523 428 580 mortem
448 515 535 579 obiit
553 513 735 580 Memmius
756 515 906 606 Regulus
927 517 1141 598 auctoritate,
1166 535 1246 582 con-

37 602 154 680 stantia,
184 601 281 680 tama,
315 602 353 661 in
380 609 540 682 quantum
572 601 831 682 praeumbrante
856 597 1078 683 Imperatoris
1112 603 1246 690 fastigio

37 681 133 763 datur,
168 682 292 761 clarus,
322 681 406 746 adeo
433 689 473 744 ut
492 681 587 747 Nero
616 703 718 772 aeger
744 681 939 749 valetudine
965 693 1000 748 et
1030 683 1245 748 adulantibus

36 767 161 840 circum,
184 767 242 848 qui
261 767 363 828 tinem
383 767 429 828 im
455 767 527 829 erio
541 765 663 850 ⁸atloese
684 764 850 846 dicebant,
873 769 902 830 si
924 765 1004 851 quid
1025 771 1095 830 tato
1115 777 1246 852 patere·

36 855 91 928 tur,
124 848 349 932 responderit,
384 785 503 912 bodera
529 850 705 914 subsidium
735 869 797 914 reta
821 850 995 932 publicam.
1037 851 1245 936 Rogantibus

35 931 151 1012 debinc,
174 936 210 996 ia
231 930 531 1013 quo-potissimum?
546 932 731 1004 addiderat
751 935 787 998 ia
805 933 952 1000 Memmio
972 933 1113 1018 Regulo.
1147 934 1248 998 Vixit

34 1019 132 1078 amen
177 1025 230 1078 ost
249 1015 330 1080 baec
351 1015 631 1104 Regulus-quiete
652 1016 808 1080 defensus
836 1025 871 1081 et
891 1019 969 1102 quia
998 1037 1087 1083 nova
1114 1019 1248 1106 generis

33 1097 141 1161 claritu
166 1102 222 1162 ine
242 1105 352 1182 ¹usque
372 1099 546 1163 invidiosis
569 1099 688 1183 opibus
711 1107 795 1165 erat.
839 1097 1059 1182 Gymnasium
1091 1121 1131 1166 eo
1160 1119 1248 1164 auno

34 1177 211 1327 gedicatuqn
238 1202 266 1327 lq
292 1181 431 1248 Nerone
461 1183 718 1269 praebitumque
754 1185 865 1248 oleum
895 1184 1009 1270 Equiti
1041 1203 1082 1250 ac
1115 1184 1249 1250 senatui

58 1284 149 1328 raeca
185 1267 236 1328 aci
255 1267 346 1330 tate.

91 1387 116 1439 1.
135 1383 180 1438 Eo
199 1399 287 1439 onae:
307 1383 339 1439 in
358 1380 414 1442 tts.
434 1383 504 1463 Bag.
531 1383 635 1440 lisdem
654 1399 737 1442 auno.
768 1413 801 1425 -
820 1381 906 1440 otttts
931 1383 963 1440 iu
987 1381 1045 1442 MS.
1071 1383 1153 1444 Iler.
1179 1383 1247 1442 abit.

33 1481 59 1493 -
74 1454 223 1510 Menenius
239 1457 372 1525 Remulus,
390 1475 418 1515 r.
438 1457 474 1512 ad
492 1459 602 1526 11,11,
623 1462 648 1515 1.
675 1489 708 1502 -
727 1458 760 1513 in
778 1456 1037 1530 quantum-datur,
1065 1455 1249 1522 conceditur,
1339 1506 1344 1522 .,

31 1523 102 1592 licet,
119 1528 187 1582 deri
205 1535 311 1599 potest,
330 1537 363 1582 ut
380 1531 408 1593 4,
426 1532 470 1587 titl-
491 1532 536 1594 11,
557 1532 598 1586 11.
616 1531 661 1586 13.
681 1529 712 1583 0.
731 1533 758 1587 t.
779 1561 813 1571 -
826 1529 1046 1600 praeumbrante
1062 1528 1250 1598 Imperatoria

31 1597 91 1662 {arti
112 1599 159 1654 io:
178 1597 299 1654 ductum
318 1599 440 1655 verbum
459 1618 476 1656 a
493 1601 547 1656 Gr.
568 1597 746 1670 ἐπισκιάζειν,
813 1615 830 1655 o
855 1601 897 1656 sio
920 1607 1047 1655 utuntur
1066 1599 1250 1680 elegantissi-

30 1671 73 1736 mi,
123 1670 318 1736 emosthenes,
348 1673 492 1726 Lucienus
518 1681 548 1728 et
572 1672 643 1740 alii3
676 1673 744 1730 Een.
772 1617 832 1726 quio
858 1680 888 1729 et
912 1671 1111 1728 adunarentur
1133 1671 1251 1727 nomina
1334 1677 1335 1682 ’

29 1739 59 1794 II
76 1745 102 1808 1,
119 1747 166 1800 31.
186 1751 217 1797 et
233 1743 360 1798 umbram
375 1745 472 1811 facere
490 1744 616 1814 tropaeis
634 1760 680 1816 ep.
700 1743 754 1801 Sil.
773 1745 820 1810 14,
839 1743 901 1802 183.
921 1775 954 1789 -·
973 1741 1076 1798 babere
1094 1743 1252 1800 subsidium
1274 1807 1276 1810 ,
1340 1793 1342 1800 .

31 1829 79 1865 rau
94 1814 246 1883 publicam,
263 1817 364 1868 virum
382 1816 436 1886 qui
454 1816 608 1872 succedere
626 1825 725 1886 posset
742 1817 776 1871 in
793 1815 931 1886 imperio.
951 1814 999 1870 01.
1019 1815 1055 1870 ad
1072 1819 1146 1882 1,·³,
1166 1819 1193 1874 l·
1212 1845 1248 1860 -·

30 1886 171 1942 addiderat
188 1883 266 1941 MSS.
286 1887 366 1941 Flor.
387 1893 474 1954 (teste
491 1887 584 1956 vict.)
601 1886 642 1942 Re
665 1922 672 1938 .
692 1885 775 1942 Harl.
795 1885 1046 1944 Bottiaeam:
1066 1885 1165 1944 Gueli.
1185 1883 1248 1944 edd.
1366 1889 1369 1892 ’

29 1953 97 2026 Spir.
114 1957 189 2011 Em.
215 1957 280 2029 Ilip.
299 1955 396 2014 Oberl.
424 1957 570 2012 addiderit
597 1958 634 2013 ed
656 1995 663 2010 .
683 1960 746 2014 Put.
765 1961 791 2013 l·
810 1960 838 2015 1.
863 1957 930 2014 Ber.
958 1957 1097 2016 Rheni·
1117 1959 1144 2014 1.
1164 1959 1191 2016 d.
1218 1963 1250 2012 et

30 2036 75 2085 set
94 2037 162 2084 ants
179 2027 254 2084 Era.
273 2027 352 2100 quod
368 2029 512 2084 reduxere
529 2027 623 2085 neat.
641 2029 744 2087 Kiessl.
763 2027 881 2088 wath.
902 2027 1021 2106 virgula
1038 2036 1105 2102 poet
1122 2043 1183 2082 rem
1196 2043 1250 2098 pu·

29 2101 117 2154 ticam
133 2103 238 2172 posita.
259 2099 304 2157 ct.
324 2096 360 2154 ad
377 2105 422 2167 11,
441 2103 459 2158 1
480 2110 556 2156 extr.
592 2099 650 2157 Sed
667 2101 817 2158 addiderat
834 2117 895 2158 non
912 2101 1049 2174 ineptum
1076 2107 1122 2156 eet
1139 2107 1170 2156 et
1186 2115 1249 2156 om·

29 2173 101 2226 nium
117 2169 197 2230 ttss.
216 2171 392 2227 auctoritate
409 2172 556 2226 firmatur.

87 2283 114 2338 2.
135 2278 318 2351 Gynuasium
334 2291 367 2332 eo
385 2293 457 2332 auno
476 2277 633 2334 dedicatum
652 2295 671 2333 a
687 2278 798 2336 Nerone
824 2282 856 2334 iu
880 2277 1118 2354 campomartis,
1143 2277 1246 2336 cerm.

28 2349 345 2407 Iunstecademie.
380 2350 425 2404 Gi.
445 2349 557 2422 xtphil.
576 2355 622 2420 at,
638 2353 684 2410 11.
710 2349 790 2408 Suet.
809 2351 880 2410 Ner.
900 2354 944 2408 11.
972 2357 1003 2406 et
1028 2349 1167 2410 Philostr.
1192 2353 1248 2408 rit.

26 2423 113 2494 tpatt
133 2427 162 2491 4,
181 2425 228 2480 41.
248 2421 499 2492 -praebitumque
516 2423 616 2491 otmm,
635 2424 669 2478 ab
687 2423 755 2478 eliis
774 2424 893 2494 qudem
912 2422 984 2477 otim
997 2422 1108 2496 populo
1125 2431 1250 2494 propter

27 2497 159 2550 victumae
177 2494 381 2564 laetitiamque
396 2492 557 2565 panIcam‚
576 2493 620 2563 (v.
640 2494 676 2547 ad
694 2497 738 2558 11,
756 2498 804 2562 41,
822 2494 866 2562 1.)
885 2494 934 2548 sed
951 2494 1109 2559 anemius,
1126 2501 1161 2548 ut
1170 2509 1250 2550 nuno

28 2567 183 2634 atterens,
202 2565 302 2636 Equiti
318 2579 352 2618 uc
369 2565 480 2620 amatut'
498 2575 529 2622 et
545 2567 579 2620 in
595 2566 779 2621 dedicatione
797 2565 954 2644 gymnasii.
982 2566 1028 2620 ct.
1046 2564 1103 2618 Dio
1122 2572 1151 2620 et
1167 2563 1248 2623 Suet.

28 2637 56 2689 ll.
73 2637 105 2694 ll.
126 2671 160 2682 -
182 2637 293 2691 Graeca
311 2637 462 2705 facilitate,
479 2654 509 2693 r.
530 2637 566 2692 ad
582 2639 610 2704 6,
628 2638 673 2693 15.
700 2636 745 2690 ci.
775 2633 892 2707 loseph.
918 2635 952 2690 Α.
972 2635 996 2693 1.
1015 2637 1061 2702 11,
1079 2639 1108 2690 1.
1145 2635 1181 2691 de
1199 2635 1249 2692 Se·

27 2707 101 2764 leuco
119 2709 274 2772 Nicatore,
292 2710 345 2780 qui
363 2711 452 2764 etiam
478 2709 592 2764 Indaeis
615 2723 633 2763 a
656 2707 815 2780 praefectis
843 2707 1066 2784 gymnasiorum
1093 2707 1249 2777 pecuniam

26 2780 56 2834 td
72 2781 171 2836 oleum
191 2781 348 2836 emendum
366 2781 430 2835 dari
449 2781 551 2847 iussit;
568 2781 638 2835 Em.
674 2778 769 2834 Faber
785 2777 918 2856 Agonist.
936 2781 965 2842 ³,
983 2779 1029 2834 16.
1048 2777 1145 2832 oleum
1162 2777 1194 2832 in
1213 2793 1249 2834 eo

26 2855 173 2927 gymnasio
200 2850 368 2924 praebitum
396 2859 448 2906 aut
471 2853 508 2908 ad
531 2851 670 2906 ludorum
696 2849 904 2928 gymnicorum
930 2847 1246 2918 intitulandum,

26 2940 90 2991 quas
115 2925 170 2992 ibi,
197 2941 284 2979 usum
311 2923 476 2992 eximium
504 2923 597 2977 Obert.
633 2921 712 2978 Nero
736 2929 835 2977 eutem
852 2921 977 2992 Equites
999 2927 1030 2976 et
1049 2928 1196 2976 senatores
1214 2921 1247 2976 in

26 2991 94 3050 ludis
104 2982 249 3127 1cheqricqei
264 2995 472 3073 gymnicisque
483 3011 585 3076 ⁸agere
602 3001 633 3050 et
660 2995 693 3050 in
709 3009 798 3050 arem
816 3001 931 3052 certare
949 2992 1057 3072 coegit.
1081 3007 1111 3051 v.
1130 3007 1192 3064 cap.
1212 2995 1248 3053 14

26 3083 79 3138 “II-
185 3103 195 3136 t
251 3100 261 3122 ·

428 3215 623 3278 catut*
674 3217 842 3276 xuvttt

98 3331 137 3396 P.
161 3327 289 3408 Mario,
310 3329 353 3396 1..
375 3326 494 3394 Asinio
516 3327 709 3392 consulibus
728 3327 897 3394 Antistius
918 3335 1068 3412 praetor,
1090 3347 1189 3412 quem
1208 3328 1246 3391 iu

24 3414 197 3478 tribunatu
217 3415 324 3498 plebis
352 3412 498 3478 licenter
525 3415 632 3514 agisse
659 3414 857 3494 memoravi,
888 3412 1055 3496 probrosa
1085 3411 1245 3486 adverus
1295 3483 1298 3492 Ἰ

23 3495 132 3562 Prinoi
159 3517 214 3561 em
235 3497 386 3561 carmina
405 3498 573 3560 factitavit
592 3495 815 3585 vulgavitque
835 3495 962 3560 celebri
978 3497 1145 3568 convivio,
1165 3493 1245 3558 dum
1297 3537 1300 3546 .

22 3581 107 3663 apud
163 3583 308 3644 sterium
329 3579 505 3662 Scapulam
526 3579 692 3662 epulatur.
734 3579 819 3642 Exin
849 3578 1089 3644 aOossutiano
1110 3577 1246 3662 Capito-

23 3683 69 3743 ne,
91 3665 154 3748 qui
176 3684 285 3748 nuper
306 3665 513 3728 senatorium
533 3663 687 3726 ordinem
707 3663 863 3747 precibus
885 3663 1045 3751 Tigellini
1066 3663 1246 3726 socerisui

22 3757 208 3833 receperat,
244 3749 430 3812 maiestatis
457 3745 585 3810 delatus
617 3757 678 3812 est.
727 3746 818 3809 Tum
849 3749 997 3829 primum
1029 3754 1246 3812 revocamen

23 3831 79 3910 lex,
100 3830 372 3916 credebaturque
392 3829 483 3894 haud
502 3827 645 3915 perinde
672 3831 812 3893 exitium
832 3827 979 3894 Antistio
1008 3848 1108 3912 quam
1136 3827 1245 3910 Impe-

24 3918 127 3978 ratori
151 3915 265 4004 gloria
290 3914 452 3998 quaesita,
482 3922 522 3976 ut
552 3912 790 3979 condemnatus
818 3933 839 3975 a
857 3922 977 3977 senatu
1003 3913 1245 3976 intercessione

23 3999 205 4062 tribunicia
224 4001 329 4080 morti
350 3999 568 4062 eximeretur.
610 3997 652 4060 Et
673 4016 775 4080 quum
796 3995 952 4060 Ostorius
967 3991 1064 4060 'ttilrit
1082 3995 1246 4060 audivisse

24 4099 79 4160 pro
98 4083 299 4146 testimonla
321 4079 470 4160 dixisset,
491 4077 643 4146 adversis
670 4081 812 4144 testibus
838 4078 1024 4156 creditum5
1050 4079 1246 4162 censuitque

23 4165 135 4228 Iunius
159 4163 328 4230 Marullus
349 4165 465 4228 consul
486 4161 690 4251 designatus,
722 4161 932 4226 adimendam
956 4181 1018 4224 reo
1048 4168 1245 4246 praeturam

23 4247 275 4333 necandumque
295 4267 391 4312 more
411 4248 588 4310 maiorum.
624 4245 753 4312 Ceteris
774 4245 853 4310 inde
873 4245 1140 4323 assentientibus,
1161 4242 1244 4308 Pae·

22 4339 71 4396 tus
92 4332 253 4400 Thrasea
272 4331 380 4398 multo
400 4350 478 4396 oum
498 4330 627 4396 bonore
648 4327 799 4398 Caesaris
829 4337 865 4396 et
885 4330 1049 4397 acerrime
1076 4328 1243 4412 increpito
