2854 4798
239 191 385 258 carus
404 187 482 256 xv.
504 190 596 258 xvi.
623 160 820 265 musra
842 188 1020 276 acco.)
1177 197 1240 268 ιιι
1318 288 1322 298 1

23 367 53 422 et
81 360 207 424 allatos
231 360 285 424 vel
317 356 441 422 ibidem
470 367 626 442 repertos
652 378 769 422 versus
795 365 994 424 connectere
1013 371 1111 446 atque
1132 363 1239 447 ipsius

24 445 123 505 verba
146 465 279 528 quoquo
300 440 401 504 modu
422 443 555 525 prolata
576 443 749 529 supplere3
771 443 858 524 quod
880 447 1005 525 species
1026 447 1098 528 ipsa
1117 449 1239 510 carmi·

24 547 95 588 num
118 525 221 592 docet
241 547 308 590 non
330 529 459 609 impetu
480 533 515 588 et
536 529 698 588 instinctu
719 545 781 589 nec
801 546 861 590 cre
882 545 949 590 uno
971 530 1089 596 fluens.
1130 531 1240 593 Etiam

24 613 204 692 sapientiae
225 610 418 672 doctoribus
439 617 571 692 tempus
591 609 805 692 impartiebat
831 617 907 694 post
934 613 1057 694 epulas,
1092 623 1131 676 ut
1160 633 1238 676 cun-

24 695 122 754 naria
147 695 409 758 asseverantium
432 690 601 756 discordia
622 703 819 756 erueretur:
841 693 1072 776 necdeerant,
1101 699 1159 776 qui
1179 717 1239 760 cre

23 777 179 860 cultuque
202 779 296 840 tristi
316 779 408 838 inter
429 775 669 838 oblectamenta
690 779 783 864 regia
810 780 954 859 spectari
975 787 1145 861 cuperent.
1220 809 1222 812 ·

85 863 112 915 1.
136 859 268 914 ludicrae
286 858 474 928 Imperatoria
492 864 580 926 artes,
600 878 627 916 r.
646 858 683 912 ad
699 875 759 929 cap·
780 861 822 914 14.
841 877 871 913 n.
891 863 916 916 1.
937 893 970 904 -
997 861 1154 930 carminum
1208 881 1240 918 o·

22 949 66 1002 que
81 931 211 986 studium
238 929 392 998 affectavit,
419 931 457 984 cf.
479 933 523 998 13,
541 933 568 986 d.
590 931 627 984 ad
653 933 698 996 16,
717 935 761 988 39.
781 939 855 985 extr.
880 932 924 998 16,
942 935 987 990 49.
1009 935 1051 1000 16,
1070 937 1096 990 i.
1125 933 1180 1006 xip
1203 935 1241 990 il.

20 1007 59 1068 61,
77 1005 122 1058 18.
152 1004 230 1058 Suet.
259 1003 329 1059 Ner.
354 1005 397 1059 38.
423 999 497 1054 Plin.
524 1005 570 1068 37,
596 1003 639 1059 11.
665 1001 730 1056 Sen.
750 1009 860 1073 quaest.
886 1009 944 1057 nat.
970 1009 997 1070 1,
1015 1007 1042 1062 6.
1066 1005 1238 1071 Martius,

20 1077 57 1130 id.
76 1076 105 1140 9,
128 1078 173 1132 11.
192 1077 272 1130 Pers.
295 1079 318 1138 1,
337 1075 373 1130 81
392 1091 455 1144 sqq.
475 1075 535 1130 115.
555 1074 654 1144 ibique
673 1075 768 1144 intpp.
788 1073 820 1127 F.
834 1072 866 1127 G.
886 1075 919 1128 R.
931 1075 1029 1130 Ritter
1047 1093 1121 1147 spec
1140 1083 1238 1130 annot.

20 1147 50 1198 sd
66 1147 149 1202 Pers.
168 1146 228 1200 Sat.
250 1151 277 1210 1,
296 1147 339 1200 61.
359 1147 403 1200 81.
423 1143 522 1202 Schol.
542 1145 579 1198 ad
596 1142 703 1198 laucan-
721 1149 748 1212 3,
760 1147 822 1200 161.
841 1145 981 1202 Wernsd.
1000 1157 1077 1218 poet,
1096 1147 1145 1202 lat.
1165 1149 1238 1204 min.

20 1218 61 1280 Ν,
80 1221 107 1274 1.
129 1236 159 1288 p.
177 1220 240 1274 586.
261 1214 434 1270 zeitschrift
451 1217 502 1270 fair
519 1215 841 1270 dieAlterthumswiss.
861 1235 886 1269 a·
906 1221 984 1276 1834.
1004 1219 1057 1272 Νο.
1076 1221 1119 1276 18.
1139 1221 1239 1290 1).le-

19 1320 47 1332 -
67 1289 195 1342 Necdum
207 1287 335 1356 insignis
353 1287 459 1340 aetatis
478 1287 542 1342 nati
554 1287 700 1342 considere
717 1287 804 1341 manui
815 1295 870 1344 cet.
884 1290 962 1344 MSS.
983 1289 1045 1346 edd·
1059 1300 1116 1348 vet.
1136 1299 1166 1346 et
1178 1305 1238 1348 rec.

20 1359 108 1414 Verba
122 1367 273 1430 corrupta,
288 1357 391 1428 quibus
405 1357 472 1422 alia,
491 1360 541 1413 aed
552 1377 653 1430 parum
667 1358 838 1429 probabilia,
854 1359 1052 1415 substituenda
1064 1360 1241 1416 censuerunt

19 1429 74 1480 riri
86 1429 178 1493 docti,
190 1429 347 1498 etquidem
358 1429 482 1495 facultas
490 1431 605 1484 necdum
615 1431 754 1500 insignis.
774 1430 804 1483 li
815 1432 980 1487 alternatim
993 1433 1138 1486 considere
1154 1431 1242 1484 simul

20 1499 151 1569 Lipsius,
169 1501 438 1566 tantummodum
460 1500 588 1570 insignis
606 1510 677 1568 nat.
714 1503 744 1555 li
766 1503 913 1558 concidere
937 1505 1023 1558 mmul
1040 1508 1067 1558 et
1084 1509 1166 1557 natos
1185 1501 1241 1556 ibi-

20 1573 78 1623 dem
95 1587 198 1623 ceraue
217 1577 380 1625 connectere
400 1573 527 1626 Muretus
545 1591 606 1630 var.
626 1574 696 1628 lect.
717 1575 760 1638 15,
778 1577 805 1630 1.
824 1575 960 1642 incultae,
985 1577 1096 1629 necdum
1114 1572 1242 1644 inrigatio

20 1649 79 1694 erot
98 1643 139 1694 cd
155 1645 273 1709 sarnam,
292 1647 338 1708 (ut
355 1643 485 1713 insignis
503 1645 541 1698 od
560 1644 769 1710 defomitatem
784 1663 856 1714 puer
873 1665 919 1718 ap.
938 1648 999 1704 Cic.
1019 1647 1055 1702 de
1071 1645 1101 1702 le
1125 1683 1132 1698 .
1151 1649 1179 1711 8,
1197 1643 1241 1712 8.)
1268 1688 1272 1694 .

21 1721 47 1766 et
65 1713 197 1781 insignia
214 1719 288 1770 erat.
324 1709 355 1766 bi
376 1714 464 1768 acciti
488 1715 635 1770 considere
658 1717 746 1770 simul
769 1717 793 1773 1.
822 1719 872 1776 l'r.
896 1718 1080 1784 Gronovins3
1102 1665 1241 1784 incultae,

21 1787 134 1838 necdum
146 1785 275 1855 insignis
288 1791 359 1841 erat.
378 1785 408 1839 li
421 1785 497 1840 iuesi
511 1803 586 1844 cone.
603 1806 626 1841 s.
639 1787 780 1855 Pichena3
795 1791 912 1842 necdum
924 1790 1050 1859 insignis
1058 1795 1120 1844 erat
1133 1788 1203 1842 laus.
1214 1786 1241 1840 ii

19 1857 166 1910 mucidare
184 1858 272 1911 Amul
282 1857 339 1910 lac.
350 1855 532 1925 Gronovius5
545 1861 671 1924 facultas
687 1860 803 1914 needu'm
816 1861 954 1931 insignis.
979 1864 1078 1920 Aetate
1091 1875 1175 1928 pares
1191 1857 1242 1912 vel

19 1927 83 1996 pari
101 1945 178 1981 cona.
197 1929 290 1982 simul·
301 1929 466 1996 Bmterius3
485 1931 585 1986 nedum
602 1931 761 2000 insignitae
776 1933 851 1986 artis
870 1933 931 1986 noti
949 1932 1100 1998 Heinsius,
1119 1947 1168 1986 nec
1186 1937 1242 1982 tam

22 1999 147 2068 insignis
165 2001 241 2054 artis
257 1999 347 2068 gnari
363 2001 413 2054 vel
432 2003 547 2056 necdum
565 2002 694 2071 insignis
720 2009 793 2058 arte.
811 2003 839 2058 ii
853 2003 945 2073 gnari
962 2021 1037 2060 cone.
1057 2003 1145 2058 simul
1160 2001 1240 2054 Tril-

20 2072 70 2124 ler.
89 2071 166 2128 obss.
187 2073 255 2125 crit.
274 2075 301 2138 1,
320 2074 365 2128 11.
396 2073 523 2139 incultae
548 2076 664 2129 necdum
687 2074 835 2144 insignior
852 2075 930 2130 artie
950 2075 1065 2134 notitia.
1102 2075 1143 2128 lli
1162 2088 1239 2128 cone.

19 2143 103 2194 amat
124 2141 304 2199 Boetticher.
341 2145 396 2198 Pro
421 2144 484 2198 nati
507 2147 585 2200 coni.
604 2145 665 2202 noti
684 2147 804 2201 Grotius
824 2155 854 2200 et
870 2154 949 2201 cates
966 2147 1073 2201 Hiller.
1116 2143 1240 2212 facultas

21 2215 133 2266 necdum
151 2215 290 2284 insignia.
310 2215 416 2269 aetatis
434 2216 496 2268 nati
514 2233 588 2270 cone.
609 2218 692 2272 simul
709 2219 789 2272 dedit
803 2219 896 2274 Bakk.
934 2219 1073 2274 Ceterum
1084 2217 1239 2272 Suetonius

22 2286 86 2338 Ner·
106 2289 153 2342 52
174 2288 210 2341 ab
227 2283 284 2340 hcc
301 2284 399 2341 Taciti
417 2287 527 2342 iudicio
546 2288 697 2357 dissentit3
729 2288 807 2357 [λιιι.
845 2291 972 2357 „Utrum
1015 2308 1030 2344 e
1054 2306 1170 2355 rerum,
1188 2285 1244 2342 sed

20 2358 47 2408 in
65 2357 229 2412 diversisc
251 2357 373 2422 usculis,
400 2359 535 2414 existimo
562 2360 727 2416 tradidisset
765 2355 873 2432 Neque*
887 2364 966 2418 enim
1002 2362 1093 2427 ubitc,
1119 2361 1191 2432 quin
1209 2365 1241 2414 et
1282 2405 1284 2412 ,

20 2431 147 2497 potuerit
174 2377 302 2485 scribere
325 2429 458 2484 versibus
486 2429 565 2486 Nero
590 2439 620 2486 et
645 2432 784 2517 quaedum
810 2433 962 2504 scripserit
988 2436 1050 2490 sine
1069 2433 1239 2502 cuiusquam

20 2501 141 2554 auxilio:
163 2508 194 2554 et
212 2501 243 2553 in
260 2499 426 2554 huiusmodi
446 2502 557 2558 tabulas
577 2503 683 2557 incidit
701 2503 865 2559 Suetonius.
903 2504 958 2559 Sed
982 2513 1012 2562 et
1028 2521 1116 2576 quum
1135 2518 1241 2572 repen·

22 2571 96 2624 tinus
115 2570 169 2624 bic
187 2572 315 2642 impetus
335 2574 361 2628 si
379 2573 516 2640 venisset,
550 2575 619 2627 dum
646 2577 767 2628 festinat
791 2575 886 2628 omnis
911 2592 1008 2630 morae
1031 2576 1186 2645 impatiens
1210 2578 1240 2626 et

20 2644 108 2718 gestit
126 2643 311 2712 eloquentiae
329 2643 495 2698 auctoribus
519 2647 676 2712 accenseri,
700 2661 760 2700 non
784 2651 899 2699 tanturn
918 2647 1073 2716 sumpsisse
1096 2642 1239 2715 temporis

20 2723 46 2767 et
62 2716 119 2768 otii
138 2723 170 2768 et
187 2731 324 2780 secessum
351 2723 494 2786 quantum
518 2717 596 2770 iusta
613 2733 683 2771 cura
709 2717 848 2786 requirit,
877 2717 997 2786 ideoque
1020 2717 1075 2770 laos
1092 2715 1241 2769 adiutores

20 2785 195 2849 adhibuisse,
227 2785 315 2840 facile
333 2787 421 2842 credo
439 2785 550 2852 Tacito,
577 2796 607 2842 et
624 2785 655 2842 id
672 2788 794 2858 tyranni
813 2789 927 2843 iuvenis
945 2787 1124 2842 lascivientia
1144 2793 1174 2840 et
1191 2782 1239 2838 lu-

20 2857 166 2910 xuriantis
192 2855 287 2911 indoli
319 2857 403 2913 valde
434 2861 608 2914 conveniens
635 2859 710 2914 mihi
736 2857 863 2914 videtur.
910 2860 995 2916 Licet
1023 2868 1052 2915 et
1084 2855 1238 2928 suspicari,

20 2932 126 2982 sactum
146 2929 178 2981 id
196 2931 228 2982 in
245 2945 342 2999 opere,
361 2923 439 3001 quod
455 2931 573 3000 parabat
590 2932 626 2986 sd
643 2933 799 2986 instantem
820 2929 1086 2986 commissionem.“
1106 2929 1190 2983 Gran.
1204 2953 1239 2966 -

19 3001 123 3053 allatos
141 3000 219 3055 MSS.
244 2999 315 3053 Bud.
341 3019 415 3057 am.
441 3017 496 3056 sec.
523 3009 553 3056 et
577 3003 674 3056 Guell.
699 3002 763 3056 edd·
783 3018 893 3056 omnes.
930 3002 1041 3057 ablator
1059 3001 1136 3058 MSS.
1156 3000 1238 3054 Flor.

20 3071 108 3138 (teste
126 3069 206 3128 Pieli.
227 3088 286 3128 non
303 3073 379 3129 Vim.
399 3081 430 3127 et
448 3071 548 3139 Furia)
566 3073 606 3128 Re
629 3113 636 3128 .
656 3073 728 3128 Bud·
747 3091 821 3135 ssm.
839 3091 884 3146 pr.
922 3073 1032 3128 oblatae
1055 3074 1131 3128 coni.
1157 3070 1237 3125 Picis.

18 3145 159 3205 „Alteros
176 3150 220 3198 est
237 3143 317 3198 domi
334 3144 496 3198 meditatos·
541 3093 628 3211 Quasi
640 3145 676 3198 sd
692 3145 823 3214 primum
841 3145 957 3216 quidem
976 3161 1161 3222 congressum
1179 3159 1241 3197 non

18 3216 174 3292 congruit:
202 3214 254 3268 sed
275 3221 430 3286 postquam
455 3215 545 3270 tunel
568 3216 664 3270 studia
686 3218 819 3280 iunxere,
843 3217 897 3270 rix
920 3225 1015 3270 estut
1033 3233 1161 3288 unquam
1179 3216 1239 3268 dis-

18 3286 172 3351 cesserint,
234 3287 240 3300 ’
280 3287 496 3358 praecepissent
513 3288 619 3342 animis
641 3289 770 3358 proximi
795 3297 954 3343 conventus
980 3286 1131 3342 materiam
1156 3285 1240 3343 etad

18 3375 76 3412 eam
100 3305 316 3428 altqmluiomi
339 3375 394 3429 per
420 3356 558 3412 habentes
577 3359 708 3414 carmina
733 3375 848 3413 somnos
866 3368 967 3414 natum
985 3367 1102 3431 possent
1120 3357 1237 3412 afferre.

16 3427 67 3482 Sed
90 3435 121 3480 et
139 3427 176 3482 ad
193 3428 270 3494 illos,
299 3445 371 3500 quos
390 3430 485 3484 subito
504 3430 540 3483 ad
558 3429 667 3484 iussum
686 3431 830 3501 Principis
849 3430 1021 3492 effuderant,
1046 3428 1238 3486 emendandos

17 3499 133 3569 aliquid
156 3499 234 3553 domi
259 3502 357 3571 potuit
381 3500 513 3555 subnasci
538 3509 567 3556 et
593 3501 660 3555 inde
686 3502 806 3555 allatum
828 3503 861 3555 in
887 3503 969 3578 regia
996 3502 1120 3574 repertis
1138 3497 1239 3555 addi.“

18 3572 105 3628 liram
143 3569 206 3624 Alii
224 3579 255 3624 et
272 3571 375 3624 allator
394 3581 424 3627 et
448 3579 572 3640 repertos
589 3587 686 3626 uersus
709 3571 859 3645 adipsum
878 3575 1027 3628 Neronem
1045 3575 1158 3628 referre
1177 3589 1239 3625 ma-

17 3642 80 3696 lunt
103 3659 191 3712 quam
213 3642 247 3695 ad
270 3652 370 3713 poetas
394 3643 429 3697 ab
452 3659 485 3698 eo
510 3653 691 3698 convocatos.
728 3646 816 3699 Paulo
839 3653 907 3716 post
931 3645 1142 3715 quoquomodo
1165 3659 1240 3696 non-

18 3715 118 3766 nullae
137 3711 198 3768 edd
218 3713 297 3785 Lips.
317 3747 351 3758 -
388 3733 444 3769 non
462 3715 582 3784 impetu.-
602 3717 633 3768 in
652 3714 709 3769 MS.
729 3715 800 3792 Agr.
820 3715 903 3770 inani
920 3716 1033 3784 impetu.
1054 3743 1087 3754 --
1115 3731 1166 3770 cre
1181 3730 1238 3766 uno

18 3787 114 3848 dume,
134 3802 172 3838 ex
189 3801 241 3839 cre
258 3786 388 3841 unadem
404 3795 515 3858 poetae.
552 3783 620 3852 „ct
640 3787 702 3841 Cic.
720 3789 801 3843 Brut.
822 3793 864 3845 ts.
891 3788 985 3840 oratio
1012 3786 1123 3841 Calidii
1141 3817 1174 3830 -
1194 3785 1238 3837 ita

18 3857 107 3938 lipere
124 3855 236 3922 fluebat,
268 3865 299 3909 ut
320 3875 451 3929 nusquam
475 3856 694 3912 addunesceret.
731 3858 787 3914 Sed
810 3861 905 3914 oratic
927 3859 1014 3924 fluens
1039 3857 1175 3912 Ciceroni
1194 3863 1239 3911 est

19 3927 306 3995 reciperandae,
326 3931 473 3998 dissoluta,
499 3930 655 4001 eademque
679 3933 754 3984 ratio
772 3938 816 3984 est
833 3931 917 3985 verbi
936 3947 980 4002 ap.
1000 3927 1061 3986 cic.
1089 3930 1124 3985 de
1147 3931 1238 3993 or.3,

18 4001 58 4056 11.
91 3999 270 4064 efficiendum
288 4008 340 4068 eat,
360 4019 394 4056 ue
411 4003 481 4066 tluat
499 4002 603 4067 oratio,
622 4017 654 4054 ne
673 4008 801 4068 uagetur.
818 4021 848 4054 r.
867 3999 956 4056 Drsk.
976 4001 1012 4056 ad
1029 4001 1092 4058 liv.
1113 4007 1140 4066 1,
1153 4003 1199 4065 18,
1211 4001 1237 4055 6

19 4069 135 4130 autam.
155 4071 192 4124 ad
208 4072 283 4126 Vell-
304 4077 332 4135 1,
351 4077 393 4131 tt.
412 4075 439 4137 1,
458 4076 501 4130 88.
527 4073 662 4128 Doederl.
681 4073 789 4144 Synon.
809 4072 849 4128 11.
874 4093 902 4145 p.
922 4076 958 4130 11
982 4092 996 4127 ι
1016 4073 1066 4146 q.“
1093 4072 1187 4128 Boett.
1205 4072 1238 4124 in

18 4143 87 4196 bex-
107 4140 176 4196 'l'ac-
213 4143 269 4198 Sed
285 4142 359 4198 haec
376 4145 472 4198 aliens
490 4145 523 4198 ab
546 4143 577 4200 h.
597 4143 618 4196 1.
642 4146 690 4198 eui
708 4145 800 4233 magis
824 4161 953 4234 cong-rue
978 4091 1029 4198 iiia
1048 4144 1130 4200 Hom.
1150 4144 1191 4198 11.
1211 4146 1237 4208 1,

17 4215 78 4270 149.
97 4215 149 4268 τοῦ
166 4210 224 4270 sind
241 4207 367 4284 yleiocqe
382 4217 492 4286 μέλιτος
508 4217 631 4286 γλυκίων
647 4216 710 4286 ῥέεν
726 4210 797 4283 audi
824 4225 854 4271 et
872 4217 980 4272 similis
1005 4217 1076 4270 lior.
1095 4215 1141 4268 od.
1160 4217 1188 4280 4,
1206 4215 1236 4278 1,

18 4287 112 4344 5-8.
132 4285 264 4344 lurcml.
283 4287 311 4356 8,
329 4289 374 4346 tt.
394 4291 439 4358 16,
460 4289 521 4346 118.
540 4285 664 4355 Quintil.
689 4287 713 4343 1.
734 4287 764 4344 0.
783 4291 811 4358 3,
829 4291 856 4355 8,
875 4291 920 4348 it.
957 4288 1049 4342 Miror
1069 4284 1120 4342 hic
1145 4273 1236 4341 nemi·
1341 4345 1343 4356 Ι
