2804 4790
169 162 230 230 ltu
391 167 394 184 '
546 160 999 230 utinamutinam.
1045 206 1049 216 ·
1125 239 1126 244 .

96 331 97 336 ’
168 339 220 396 est
239 349 317 395 aere
337 329 475 416 publice
494 339 628 394 senatus
649 331 852 411 consultum,
879 349 945 416 qno
965 329 1144 396 libertinus
1165 331 1310 394 sestertii
1327 337 1378 394 ter

166 415 290 478 millies
311 433 486 499 possessor
505 416 662 499 antiquae
682 417 909 499 parcimoniae
929 413 1083 500 leudibus
1104 413 1345 478 cumulabatur.

238 535 265 590 1.
284 531 365 587 Inter
383 547 453 604 quae
470 534 596 600 refertur
613 531 653 586 ad
668 531 772 587 Patres
797 534 831 587 de
845 549 939 605 paena
956 531 1128 598 feminarum
1152 531 1376 608 (ingenuarum),

205 617 238 658 ae
255 605 348 658 seruis
365 605 616 674 coniungerentur,
635 604 838 676 statuiturque,
866 611 898 660 ut
916 605 1024 674 ignara
1043 605 1157 659 domino
1183 605 1275 669 (servi
1293 612 1377 675 eoque

166 677 260 730 mrito
279 683 309 731 et
327 675 528 741 denuntiante)
554 679 594 731 ad
611 675 644 730 id
670 675 721 740 (sd
738 677 923 741 concubitum
951 694 1019 730 cum
1045 677 1152 742 serris)
1178 675 1328 744 prolapsae
1350 676 1379 730 in

165 748 299 802 moinus
324 745 433 810 (essent
457 755 507 801 sut
529 746 729 814 haberentur),
756 749 804 804 sin
826 747 1010 804 consensisset
1038 745 1132 812 (servi
1151 747 1307 812 dominus),
1329 765 1377 816 pro

166 819 280 874 tibertis
297 815 467 874 haberentur
486 818 547 876 edd
574 820 631 878 lac.
651 817 742 876 Gron.
761 819 835 874 Ern.
857 829 886 874 et
904 838 968 892 sqq.
1004 819 1085 874 luter
1108 834 1179 888 quae
1203 818 1260 872 MS.
1285 817 1376 874 Guslt.

167 891 231 951 edd.
250 890 329 964 Spir.
348 889 440 945 llbcu.
459 893 488 947 2·
506 893 533 948 3.
554 909 588 964 sq
610 927 618 943 .
637 891 771 962 Interque
789 889 853 946 edd.
874 893 937 948 Put.
958 895 984 946 1.
997 895 1026 948 2
1045 890 1110 946 Ber·
1129 889 1222 944 liban.
1234 895 1259 947 1.
1296 893 1376 957 refert

167 962 228 1034 ed„
242 981 288 1036 pr.
307 964 499 1032 statuiturque
515 961 575 1017 MS.
623 963 694 1019 uelf.
714 961 882 1018 edd-Rben.
901 967 926 1018 t.
946 965 973 1020 ³.
993 981 1027 1034 sq
1048 1006 1055 1019 .
1075 962 1307 1045 sinistimaeque
1324 968 1377 1014 eta-

166 1034 293 1106 tuitqae)
312 1032 375 1089 edd.
394 1033 518 1106 primae.
551 1040 583 1088 ut
610 1035 717 1104 ignaro
735 1035 848 1088 damino
876 1036 915 1088 ad
933 1034 966 1087 id
979 981 1116 1103 prolapsa
1134 1033 1166 1085 in
1185 1038 1322 1086 scrutate
1337 1030 1378 1085 sui

136 1116 138 1125 ’
165 1106 366 1172 consensisset,
394 1121 448 1174 pro
473 1104 589 1159 libertis
611 1103 780 1160 haberentur
803 1103 882 1160 MSS.
906 1105 988 1158 Flor.
1017 1107 1106 1169 (teste
1125 1103 1220 1172 Pich.)
1245 1103 1314 1182 lieg.
1337 1103 1377 1158 ed.

166 1177 245 1249 Spin.
264 1182 297 1230 ut
315 1176 336 1230 i.
355 1177 383 1231 d.
402 1175 441 1230 ad
459 1176 493 1229 id
507 1177 643 1247 matapsa
661 1177 694 1231 in
713 1179 867 1232 seruitute.-
885 1177 914 1231 si
931 1178 1127 1244 consensisset,
1142 1193 1196 1244 pro
1216 1176 1318 1230 liberta
1334 1173 1377 1228 ba-

165 1249 279 1304 beretur
296 1245 374 1304 MSS.
392 1247 480 1302 Furn-
499 1257 529 1302 st
547 1249 634 1307 corb.
671 1248 720 1302 Sic
739 1257 769 1304 et
785 1248 842 1306 bis.
863 1250 935 1326 Agr.
955 1249 1014 1302 uisi
1032 1247 1159 1320 quadiu
1172 1263 1205 1302 eo
1223 1248 1270 1301 sin
1287 1263 1338 1318 pro
1353 1245 1384 1298 si,

165 1323 318 1393 scriptum.
354 1319 440 1373 llunc
458 1327 574 1374 secutus
592 1328 637 1374 est
653 1319 794 1391 Ryckius,
816 1319 885 1375 illos
903 1321 1028 1404 lipsius·
1048 1321 1183 1389 matapse
1201 1318 1235 1372 s'n
1251 1319 1377 1372 seruitute

165 1393 215 1449 sin
233 1391 419 1454 consensisset
436 1409 453 1444 s
470 1407 511 1444 m.
529 1407 576 1462 pr.
604 1399 635 1446 et
649 1392 784 1462 prolapsu
811 1392 843 1446 in
861 1408 885 1445 s.
905 1408 950 1445 eus
969 1407 993 1444 c.
1012 1409 1029 1444 a
1045 1410 1084 1446 ιη.
1105 1407 1163 1446 sec.
1182 1389 1241 1444 MS.
1259 1391 1327 1444 liud.
1350 1396 1376 1442 ut

165 1463 189 1522 i.
209 1465 236 1518 d.
256 1464 295 1517 ad
313 1465 347 1518 id
361 1463 514 1533 prolapsas
540 1463 572 1516 in
595 1465 759 1518 seruitutem
782 1464 831 1518 sui
853 1463 1055 1518 consensisset.-
1085 1469 1112 1516 et
1137 1461 1187 1532 qui
1214 1463 1278 1516 nuti
1294 1466 1375 1516 essent

162 1534 540 1663 brobtulssulddiffd‘i'
553 1533 657 1664 emisse}
668 1536 768 1662 (libbi
790 1536 853 1664 iius
865 1532 1377 1664 qqoeqsqqqnncqtqelqcssgqqqrthss

165 1668 362 1734 additamento
380 1684 407 1731 et
424 1677 474 1749 qui
491 1677 553 1732 nati
569 1684 669 1747 essent,
699 1678 777 1752 quod
804 1677 892 1732 etism
917 1681 949 1732 in
972 1696 1066 1754 marg.
1085 1677 1159 1731 bisti
1176 1678 1249 1733 Bnd.
1269 1678 1384 1755 legitur,

166 1749 217 1804 sed
234 1767 328 1822 neque
345 1751 412 1804 ino
434 1749 516 1804 uanis
535 1750 617 1805 codd.
643 1768 738 1823 nsque
762 1751 795 1804 in
819 1750 918 1828 legum
942 1748 1037 1804 libris.
1073 1748 1116 1804 De
1132 1747 1191 1804 boc
1215 1750 1295 1806 enim
1313 1748 1378 1802 Scia

122 1889 124 1896 Ι
166 1820 336 1890 Claudiano,
354 1767 432 1893 quod
449 1827 614 1892 temporum
632 1823 754 1878 licentis
771 1820 912 1877 abolitum
922 1829 1100 1876 renovarunt
1119 1820 1250 1890 quidem,
1270 1821 1317 1876 sed
1330 1823 1384 1874 lut-1

90 1945 92 1950 .
164 1899 318 1946 mutarunt
335 1893 527 1964 Vespasianus
547 1901 576 1947 et
594 1891 769 1959 Hadrianus,
789 1891 882 1957 (Suet.
901 1892 988 1964 Vesp.
1008 1891 1047 1946 ll.
1066 1893 1176 1946 Auctor
1201 1893 1311 1946 senuui
1327 1890 1384 1958 fuit,

165 1961 342 2030 decernendi,
360 1970 402 2032 ut,
422 1979 492 2034 quas
509 1979 540 2016 se
557 1965 652 2018 alieno
670 1980 751 2018 servo
763 1963 915 2028 iussisset,
934 1963 1041 2017 ancilla
1054 1961 1218 2030 baberetur)
1235 1963 1305 2017 abro
1326 1963 1384 2024 avit,

164 2040 263 2088 autem
281 2035 470 2101 lastinianus,
501 2033 544 2102 (r.
563 2035 595 2089 t..
619 2055 670 2094 un.
690 2035 724 2089 G.
743 2034 779 2089 de
796 2033 873 2090 soto
892 2035 993 2090 Claud·
1020 2035 1086 2088 toll.
1111 2037 1133 2101 5.
1154 2034 1193 2102 1.)
1218 2035 1278 2088 loci
1303 2053 1318 2088 c
1345 2051 1384 2096 sen

165 2113 233 2159 eunt
252 2104 320 2160 Gaii
338 2107 463 2160 institut.
482 2109 509 2172 l,
527 2108 573 2163 34.
592 2107 649 2172 (Ex
666 2105 743 2161 Scia
763 2105 925 2161 Claudiano
940 2112 1056 2175 poterat
1075 2105 1146 2160 civis
1159 2107 1300 2171 Romana,
1318 2119 1384 2176 quaet

164 2175 260 2232 alieno
277 2193 357 2232 seruo
374 2178 481 2232 uolente
499 2177 611 2232 domina
630 2177 692 2231 eius
710 2177 823 2245 coisset,
849 2178 916 2246 ipsa
932 2177 1117 2247 aspectione
1141 2179 1262 2232 libera
1277 2189 1384 2246 pennu-t

165 2263 242 2314 nere,
260 2251 310 2303 sed
327 2265 465 2304 seruum
478 2265 649 2316 procreare;
668 2264 734 2303 num
753 2253 827 2320 quod
843 2249 994 2306 inteream
1012 2256 1039 2303 et
1059 2249 1202 2304 dominum
1212 2249 1299 2302 istius
1311 2245 1384 2312 sentit

163 2321 335 2387 conuenerat,
355 2336 390 2374 ex
407 2321 484 2375 scin
500 2327 595 2372 ratum
613 2337 673 2375 esee
691 2319 811 2392 iubetur.
848 2321 906 2375 Sed
920 2327 1022 2390 posteo
1041 2321 1123 2374 diuus
1141 2321 1312 2374 Hadrianus
1327 2315 1384 2384 ini-l

165 2391 274 2464 quitate
290 2393 336 2446 rei
352 2396 381 2445 et
398 2391 575 2460 inelegantia
593 2391 670 2445 iuris
687 2399 780 2446 motus
799 2393 929 2448 restituit
948 2391 1023 2446 iuris
1040 2392 1168 2459 gentium
1186 2394 1325 2462 regulam,
1342 2389 1384 2455 ut‚}

164 2477 249 2534 quum
265 2463 330 2534 ipsu
346 2464 449 2519 mulier
466 2461 590 2518 libera
606 2471 781 2534 permaneat,
799 2464 832 2533 ⁴li
838 2467 957 2519 berum
972 2464 1093 2534 pariet.)
1113 2464 1182 2520 ibid.
1192 2468 1219 2530 1,
1239 2467 1284 2520 86.
1302 2467 1384 2540 etilq

85 2561 89 2566 ·
163 2533 211 2600 (St
229 2553 285 2607 qua
302 2535 406 2589 mulier
423 2535 495 2589 einis
512 2535 640 2590 Romanu
655 2551 817 2606 praegnum
843 2552 878 2590 eu
896 2533 972 2590 scta
991 2535 1151 2588 ctauttano
1176 2536 1287 2590 ancilla
1308 2538 1384 2603 factat

162 2605 204 2661 sit
222 2607 256 2662 ab
273 2607 306 2661 id
324 2607 398 2678 quod
415 2607 511 2662 alieno
520 2624 601 2661 serua
620 2606 710 2663 inuita
728 2617 756 2661 et
775 2607 957 2662 denuntiante
976 2607 1091 2661 domino
1105 2607 1168 2662 eius
1184 2607 1296 2672 coierit,
1314 2623 1384 2682 cone,

161 2679 259 2750 piures
276 2678 455 2748 distinguunt
472 2685 500 2732 et
518 2679 695 2747 existimant,
713 2680 855 2750 siquidem
873 2694 907 2734 eo
925 2677 1013 2732 iustis
1032 2679 1143 2748 nuptiis
1161 2679 1326 2749 conceperit,
1338 2677 1384 2748 'ci-t

163 2767 224 2804 nem
240 2751 397 2806 Bouianum
420 2767 456 2804 eu
478 2765 512 2804 ea
539 2751 630 2815 nasci,
659 2751 688 2804 si
705 2767 771 2804 uero
797 2749 882 2820 uolgo
901 2749 1069 2819 conceperit,
1087 2767 1200 2804 sermm
1217 2751 1299 2806 nosci
1314 2749 1384 2813 etas,

163 2821 245 2877 euius
262 2828 354 2877 neuter
371 2825 451 2889 facta
468 2827 510 2874 est
528 2819 659 2882 andita.)
677 2822 760 2875 Pauli
775 2829 902 2876 sentent.
922 2821 980 2879 tt.
999 2823 1097 2879 titltt.
1119 2821 1155 2875 sd
1172 2821 1285 2877 Sthm
1303 2821 1384 2880 Orfiti

163 2893 224 2971 leg·
233 2897 259 2951 2.
278 2892 344 2960 (Aa
355 2891 444 2960 filiurn
457 2891 644 2946 anciliamuel
660 2893 793 2948 libertam
811 2909 845 2946 en
858 2891 934 2947 Scio
947 2893 1106 2948 Claudiana
1116 2895 1247 2960 effectam
1258 2893 1384 2966 legitima,

162 2965 266 3020 mdrie
283 2965 438 3019 intestatae
456 2963 600 3018 hereditas
614 2965 760 3033 pertinere
778 2980 833 3020 non
849 2970 953 3032 potest,
973 2963 1040 3034 quia
1053 2982 1141 3035 neque
1153 2967 1232 3019 semi
1248 2983 1283 3020 ne
1317 2982 1331 3017 e
1346 2961 1384 3042 bk,

163 3036 236 3091 berti
252 3043 373 3091 matrem
390 3036 502 3090 ciuilem
520 3035 621 3091 babere
640 3035 855 3105 intelliguntur)
879 3035 1008 3090 eiusdem
1020 3036 1109 3092 Pauli
1134 3045 1260 3095 sentent.
1300 3036 1332 3088 b.
1353 3037 1384 3092 b}

162 3109 211 3162 tit.
230 3111 275 3165 21.
300 3107 337 3162 ad
361 3105 415 3162 SC.
441 3107 543 3164 Claud.
567 3107 626 3193 leg·
645 3114 672 3166 l.
703 3107 750 3176 (Si
773 3107 873 3162 muier
899 3109 1025 3177 ingenua
1049 3109 1171 3178 civisque
1194 3109 1320 3164 ltamana
1341 3103 1384 3164 vell

165 3177 271 3234 Latina
288 3178 380 3234 alieno
398 3195 428 3232 se
445 3195 525 3234 seruo
544 3181 731 3246 conseruerit,
750 3178 779 3234 si
797 3181 908 3250 quidem
925 3179 1015 3233 inuito
1033 3187 1061 3233 et
1081 3181 1261 3234 denuntiante
1276 3177 1384 3238 domino}

163 3251 197 3304 s'n
215 3251 310 3304 eodem
328 3251 506 3305 contubernia
528 3251 762 3322 perseveraverit,
788 3252 913 3318 efficitur
931 3251 1059 3318 anciila.)
1084 3251 1211 3312 Terttrll.
1237 3253 1273 3306 de
1296 3261 1384 3308 ureret

163 3325 193 3389 2,
211 3325 237 3378 8.
256 3321 365 3388 (Nonne
382 3321 495 3390 insuper
513 3328 679 3376 censuerunt
696 3323 819 3376 Romani
842 3323 980 3378 seruituti
1005 3325 1204 3392 uindicandas,
1230 3340 1301 3395 quae
1324 3311 1384 3396 cum}

164 3392 258 3447 aliena
282 3408 363 3445 serua
385 3399 452 3460 post
476 3395 654 3448 dominorum
676 3393 918 3450 denuntiationem
940 3393 972 3446 in
998 3397 1199 3450 consuetudine
1221 3397 1384 3465 persevera-t

163 3463 271 3530 runti)
291 3470 321 3516 et
339 3463 448 3516 similia
465 3463 586 3536 Ulpiani
604 3467 712 3541 fragm.
731 3467 757 3521 ὅ.
776 3465 798 3531 §-
817 3468 844 3524 5.
863 3470 973 3524 e-to.
1011 3467 1124 3534 „Verba
1147 3473 1176 3521 et
1196 3468 1245 3538 qui
1263 3465 1324 3520 nati
1339 3457 1384 3528 er}

163 3541 229 3590 sent
246 3550 306 3588 non
324 3535 515 3604 reperiuntur
531 3535 564 3588 in
582 3535 682 3613 legum
700 3535 785 3589 libris
805 3543 834 3590 et
851 3547 954 3592 contre
971 3539 1017 3592 ius
1036 3547 1119 3592 sunt:
1144 3555 1212 3593 nam
1239 3541 1322 3592 favor
1345 3533 1384 3622 liq

163 3605 285 3662 bertatis
305 3606 445 3690 exposcit,
464 3611 498 3658 ut
515 3607 578 3660 nati
596 3626 612 3661 e
630 3604 724 3660 libera
743 3607 804 3660 sint
821 3607 924 3676 liberi,
942 3607 1069 3682 adeoque
1083 3611 1293 3681 superveniens
1311 3605 1384 3678 cala,

164 3677 251 3732 mitae
270 3685 372 3730 rustris
390 3691 498 3731 nocere
515 3679 554 3744 ei,
573 3679 675 3749 quiin
692 3685 776 3732 utero
795 3687 849 3747 est,
869 3697 927 3734 non
945 3680 1040 3747 debet,
1060 3681 1110 3736 sed
1123 3681 1244 3746 sufficit,
1262 3679 1384 3740 maerent

164 3749 287 3804 liberam
305 3745 354 3802 vel
372 3745 466 3802 medio
485 3756 619 3819 tempore
636 3748 782 3806 babuisse.
808 3750 988 3808 Clementius
1004 3769 1058 3821 pro
1077 3753 1191 3806 libescit
1208 3751 1384 3812 tacerentur,

165 3821 294 3876 sednon
310 3819 421 3875 verius.
460 3817 606 3886 Quomodo
626 3823 706 3876 enim
724 3821 860 3890 libertus,
880 3825 932 3895 qui
950 3841 1011 3878 nun
1034 3842 1100 3878 uam
1119 3827 1242 3880 serr-usi
1272 3819 1384 3894 Optimal

165 3898 211 3947 est
228 3889 376 3961 scriptura
393 3889 468 3944 usti
486 3889 573 3946 Farn.
608 3889 656 3945 Du
677 3893 726 3948 lex
744 3893 886 3950 videlicet
904 3896 965 3949 eius
984 3842 1055 3949 sdti
1073 3895 1252 3950 membrum:
1278 3897 1303 3950 si
1321 3881 1384 3960 mul

164 3961 224 4018 liar
246 3967 391 4034 peccasset
420 3961 523 4040 ignaro
551 3965 629 4018 servi
668 3965 775 4032 omino,
803 3967 845 4020 ait
863 3965 921 4033 lex,
949 3985 1033 4021 serre
1051 3975 1128 4034 est03
1152 3969 1199 4021 sin
1224 3969 1331 4022 sciente
1352 3969 1384 4024 et}

164 4032 294 4101 volente,
317 4031 441 4087 babetur
460 4051 518 4120 pro
543 4035 656 4093 liberta.
703 4035 827 4091 Omnino
851 4037 931 4092 enim
952 4037 1138 4110 propositum
1170 4035 1341 4116 legislatori,
1362 4037 1384 4086 al

165 4105 269 4160 servili
297 4104 487 4160 contubermo
510 4106 658 4163 abstinere
681 4105 830 4162 lubricum
853 4127 963 4177 sexum,
988 4117 1018 4164 et
1042 4111 1105 4165 sive
1130 4109 1236 4180 ignara
1263 4105 1384 4174 domitto}

165 4177 229 4231 sire
247 4177 358 4232 sciente
374 4182 405 4230 et
423 4178 623 4234 consentiente
646 4196 679 4234 ea
702 4180 818 4246 mixtio,
841 4182 943 4251 posuit
961 4195 1096 4251 poenam,
1121 4183 1172 4238 sed
1195 4181 1334 4250 dectores
1351 4179 1384 4236 stt

165 4261 221 4320 pro
238 4247 331 4328 qesta
348 4263 440 4304 noxae
457 4249 649 4306 intentiorem
660 4249 932 4325 ,remissionemquu
967 4251 1025 4308 Sed
1041 4253 1092 4308 cui
1108 4255 1164 4322 rei,
1182 4252 1308 4326 inquies,
1331 4245 1384 4302 itt-l
