<?xml version="1.0" encoding="UTF-8"?>
<!DOCTYPE html PUBLIC "-//W3C//DTD XHTML 1.0 Transitional//EN"
    "http://www.w3.org/TR/xhtml1/DTD/xhtml1-transitional.dtd">
<html xmlns="http://www.w3.org/1999/xhtml" xml:lang="en" lang="en">
 <head>
  <title>
</title>
<meta http-equiv="Content-Type" content="text/html;charset=utf-8" />
  <meta name='ocr-system' content='tesseract 3.04.00' />
  <meta name='ocr-capabilities' content='ocr_page ocr_carea ocr_par ocr_line ocrx_word'/>
</head>
<body>
  <div class='ocr_page' id='page_1' title='image "./ccorneliitaciti26tacigoog_0572.png"; bbox 0 0 2872 4786; ppageno 0'>
   <div class='ocr_carea' id='block_1_1' title="bbox 425 249 1278 360">
    <p class='ocr_par' dir='ltr' id='par_1_1' title="bbox 400 221 1278 360">
     <span class='ocr_line' id='line_1_1' title="bbox 425 249 1278 360; baseline 0.005 -39.886"><span class='ocrx_word' id='word_1_1' title='bbox 425 249 486 320; x_wconf 77' lang='lat' dir='ltr'>en</span> <span class='ocrx_word' id='word_1_2' title='bbox 517 253 684 322; x_wconf 73' lang='grc' dir='ltr'><strong>ΔΝΝΑΙ..</strong></span> <span class='ocrx_word' id='word_1_3' title='bbox 713 253 798 360; x_wconf 71' lang='lat' dir='ltr'>nte.</span> <span class='ocrx_word' id='word_1_4' title='bbox 820 251 916 320; x_wconf 85' lang='lat' dir='ltr'>x1v.</span> <span class='ocrx_word' id='word_1_5' title='bbox 1160 275 1162 280; x_wconf 96' lang='lat'>·</span> <span class='ocrx_word' id='word_1_6' title='bbox 1215 249 1278 324; x_wconf 79' lang='lat' dir='ltr'>ete</span> 
     </span>
    </p>
   </div>
   <div class='ocr_carea' id='block_1_2' title="bbox 51 419 1277 555">
    <p class='ocr_par' dir='ltr' id='par_1_2' title="bbox 51 419 1277 555">
     <span class='ocr_line' id='line_1_2' title="bbox 51 419 1277 551; baseline -0.002 -73"><span class='ocrx_word' id='word_1_7' title='bbox 51 443 68 478; x_wconf 87' lang='lat' dir='ltr'>a</span> <span class='ocrx_word' id='word_1_8' title='bbox 86 423 209 551; x_wconf 42' lang='lat' dir='ltr'>genito?</span> <span class='ocrx_word' id='word_1_9' title='bbox 227 422 276 481; x_wconf 82' lang='lat' dir='ltr'>aad</span> <span class='ocrx_word' id='word_1_10' title='bbox 293 439 349 498; x_wconf 83' lang='lat' dir='ltr'>per</span> <span class='ocrx_word' id='word_1_11' title='bbox 367 439 434 480; x_wconf 87' lang='lat' dir='ltr'>eam</span> <span class='ocrx_word' id='word_1_12' title='bbox 451 437 512 479; x_wconf 86' lang='lat' dir='ltr'>non</span> <span class='ocrx_word' id='word_1_13' title='bbox 529 419 661 492; x_wconf 75' lang='lat' dir='ltr'>absurde,</span> <span class='ocrx_word' id='word_1_14' title='bbox 679 429 714 478; x_wconf 86' lang='lat' dir='ltr'>at</span> <span class='ocrx_word' id='word_1_15' title='bbox 732 437 828 496; x_wconf 74' lang='lat' dir='ltr'>opero,</span> <span class='ocrx_word' id='word_1_16' title='bbox 847 437 902 478; x_wconf 84' lang='lat' dir='ltr'>neo</span> <span class='ocrx_word' id='word_1_17' title='bbox 918 421 1056 500; x_wconf 71' lang='lat' dir='ltr'>ingratiis</span> <span class='ocrx_word' id='word_1_18' title='bbox 1074 422 1145 491; x_wconf 83' lang='lat' dir='ltr'>taie,</span> <span class='ocrx_word' id='word_1_19' title='bbox 1173 421 1277 508; x_wconf 76' lang='lat' dir='ltr'>laetor,</span> 
     </span>
     <span class='ocr_line' id='line_1_3' title="bbox 51 512 793 555; baseline 0.005 -5"><span class='ocrx_word' id='word_1_20' title='bbox 51 515 83 550; x_wconf 88' lang='lat' dir='ltr'>m</span> <span class='ocrx_word' id='word_1_21' title='bbox 122 517 135 550; x_wconf 84' lang='lat'>1</span> <span class='ocrx_word' id='word_1_22' title='bbox 152 515 190 552; x_wconf 85' lang='lat' dir='ltr'>na</span> <span class='ocrx_word' id='word_1_23' title='bbox 204 515 228 555; x_wconf 68' lang='lat' dir='ltr'>a.</span> <span class='ocrx_word' id='word_1_24' title='bbox 790 512 793 518; x_wconf 87' lang='lat'>&#39;</span> 
     </span>
    </p>
   </div>
   <div class='ocr_carea' id='block_1_3' title="bbox 52 577 1277 744">
    <p class='ocr_par' dir='ltr' id='par_1_3' title="bbox 52 577 1277 744">
     <span class='ocr_line' id='line_1_4' title="bbox 127 577 1277 676; baseline -0.002 -20"><span class='ocrx_word' id='word_1_25' title='bbox 127 603 158 670; x_wconf 84' lang='grc' dir='ltr'>α)</span> <span class='ocrx_word' id='word_1_26' title='bbox 176 605 288 659; x_wconf 82' lang='lat' dir='ltr'><strong>Vitium</strong></span> <span class='ocrx_word' id='word_1_27' title='bbox 308 603 340 660; x_wconf 88' lang='lat' dir='ltr'>in</span> <span class='ocrx_word' id='word_1_28' title='bbox 358 577 457 660; x_wconf 73' lang='lat' dir='ltr'>Gellio</span> <span class='ocrx_word' id='word_1_29' title='bbox 475 599 598 658; x_wconf 83' lang='lat' dir='ltr'>haerere</span> <span class='ocrx_word' id='word_1_30' title='bbox 615 601 627 655; x_wconf 93' lang='lat' dir='ltr'>l</span> <span class='ocrx_word' id='word_1_31' title='bbox 681 601 829 676; x_wconf 84' lang='lat' dir='ltr'>ndnmque</span> <span class='ocrx_word' id='word_1_32' title='bbox 852 599 990 658; x_wconf 69' lang='lat' dir='ltr'>mnam</span> <span class='ocrx_word' id='word_1_33' title='bbox 1006 597 1041 655; x_wconf 85' lang='grc'>1..</span> <span class='ocrx_word' id='word_1_34' title='bbox 1067 617 1130 656; x_wconf 80' lang='lat' dir='ltr'>aem</span> <span class='ocrx_word' id='word_1_35' title='bbox 1154 607 1237 657; x_wconf 85' lang='lat' dir='ltr'>notat</span> <span class='ocrx_word' id='word_1_36' title='bbox 1254 599 1277 654; x_wconf 93' lang='grc'>1.</span> 
     </span>
     <span class='ocr_line' id='line_1_5' title="bbox 52 665 892 744; baseline 0 -12"><span class='ocrx_word' id='word_1_37' title='bbox 52 675 152 732; x_wconf 85' lang='lat' dir='ltr'>Gran.</span> <span class='ocrx_word' id='word_1_38' title='bbox 189 675 327 732; x_wconf 77' lang='lat' dir='ltr'>Ceterum</span> <span class='ocrx_word' id='word_1_39' title='bbox 346 677 383 731; x_wconf 84' lang='lat' dir='ltr'>cf.</span> <span class='ocrx_word' id='word_1_40' title='bbox 404 671 549 731; x_wconf 81' lang='lat' dir='ltr'>Brouckh.</span> <span class='ocrx_word' id='word_1_41' title='bbox 570 673 607 728; x_wconf 84' lang='lat' dir='ltr'>ad</span> <span class='ocrx_word' id='word_1_42' title='bbox 650 673 734 733; x_wconf 82' lang='lat' dir='ltr'>abull.</span> <span class='ocrx_word' id='word_1_43' title='bbox 753 677 782 744; x_wconf 82' lang='lat'>2,</span> <span class='ocrx_word' id='word_1_44' title='bbox 802 665 828 743; x_wconf 81' lang='lat' dir='ltr'>i,</span> <span class='ocrx_word' id='word_1_45' title='bbox 847 677 892 733; x_wconf 77' lang='lat'>³4.</span> 
     </span>
    </p>
   </div>
   <div class='ocr_carea' id='block_1_4' title="bbox 429 803 894 888">
    <p class='ocr_par' dir='ltr' id='par_1_4' title="bbox 429 803 894 888">
     <span class='ocr_line' id='line_1_6' title="bbox 429 803 894 888; baseline 0.002 -17"><span class='ocrx_word' id='word_1_46' title='bbox 429 803 508 871; x_wconf 70' lang='grc' dir='ltr'>ἰιι</span> <span class='ocrx_word' id='word_1_47' title='bbox 546 815 591 872; x_wconf 77' lang='lat' dir='ltr'>aa</span> <span class='ocrx_word' id='word_1_48' title='bbox 614 818 694 888; x_wconf 74' lang='lat' dir='ltr'>cap.</span> <span class='ocrx_word' id='word_1_49' title='bbox 721 814 894 873; x_wconf 69' lang='lat' dir='ltr'>xxviii.</span> 
     </span>
    </p>
   </div>
   <div class='ocr_carea' id='block_1_5' title="bbox 50 920 1332 4062">
    <p class='ocr_par' dir='ltr' id='par_1_5' title="bbox 50 920 1332 4062">
     <span class='ocr_line' id='line_1_7' title="bbox 127 920 1279 996; baseline 0.001 -18"><span class='ocrx_word' id='word_1_50' title='bbox 127 925 205 982; x_wconf 86' lang='lat' dir='ltr'>Olim</span> <span class='ocrx_word' id='word_1_51' title='bbox 223 925 255 980; x_wconf 81' lang='lat' dir='ltr'>in&#39;</span> <span class='ocrx_word' id='word_1_52' title='bbox 272 921 376 996; x_wconf 82' lang='lat' dir='ltr'>populi</span> <span class='ocrx_word' id='word_1_53' title='bbox 394 923 532 984; x_wconf 86' lang='lat' dir='ltr'>libertate</span> <span class='ocrx_word' id='word_1_54' title='bbox 555 939 614 979; x_wconf 88' lang='lat' dir='ltr'>non</span> <span class='ocrx_word' id='word_1_55' title='bbox 632 921 770 996; x_wconf 80' lang='lat' dir='ltr'>ireqnene</span> <span class='ocrx_word' id='word_1_56' title='bbox 791 920 1011 995; x_wconf 66' lang='lat' dir='ltr'>appellationum</span> <span class='ocrx_word' id='word_1_57' title='bbox 1029 935 1109 989; x_wconf 82' lang='lat' dir='ltr'>aene,</span> <span class='ocrx_word' id='word_1_58' title='bbox 1127 929 1279 979; x_wconf 88' lang='lat' dir='ltr'>noneerte</span> 
     </span>
     <span class='ocr_line' id='line_1_8' title="bbox 52 994 1281 1082; baseline -0.005 -29"><span class='ocrx_word' id='word_1_59' title='bbox 52 1003 85 1053; x_wconf 88' lang='lat' dir='ltr'>in</span> <span class='ocrx_word' id='word_1_60' title='bbox 106 1015 193 1052; x_wconf 81' lang='lat' dir='ltr'>causa</span> <span class='ocrx_word' id='word_1_61' title='bbox 219 997 322 1066; x_wconf 64' lang='lat' dir='ltr'>oivili,</span> <span class='ocrx_word' id='word_1_62' title='bbox 345 997 424 1064; x_wconf 89' lang='lat' dir='ltr'>(nam</span> <span class='ocrx_word' id='word_1_63' title='bbox 442 997 681 1081; x_wconf 79' lang='lat' dir='ltr'>provocationem</span> <span class='ocrx_word' id='word_1_64' title='bbox 699 996 735 1051; x_wconf 91' lang='lat' dir='ltr'>ad</span> <span class='ocrx_word' id='word_1_65' title='bbox 761 997 904 1068; x_wconf 81' lang='lat' dir='ltr'>populum</span> <span class='ocrx_word' id='word_1_66' title='bbox 931 997 964 1050; x_wconf 91' lang='lat' dir='ltr'>in</span> <span class='ocrx_word' id='word_1_67' title='bbox 987 1011 1022 1050; x_wconf 85' lang='lat' dir='ltr'>re</span> <span class='ocrx_word' id='word_1_68' title='bbox 1037 994 1155 1082; x_wconf 72' lang='lat' dir='ltr'>⁸maiori</span> <span class='ocrx_word' id='word_1_69' title='bbox 1172 995 1281 1048; x_wconf 69' lang='lat' dir='ltr'>‘orimi-</span> 
     </span>
     <span class='ocr_line' id='line_1_9' title="bbox 51 1063 1281 1214; baseline -0.004 -18"><span class='ocrx_word' id='word_1_70' title='bbox 51 1087 185 1213; x_wconf 56' lang='lat' dir='ltr'>ellit?</span> <span class='ocrx_word' id='word_1_71' title='bbox 203 1071 494 1214; x_wconf 52' lang='lat' dir='ltr'>ietitttttsgst</span> <span class='ocrx_word' id='word_1_72' title='bbox 495 1063 1281 1214; x_wconf 50' lang='lat' dir='ltr'>”til⁵:¹13.}&#39;¹.¹t¹¹eniitf⁰²tittttptf‘lltt</span> 
     </span>
     <span class='ocr_line' id='line_1_10' title="bbox 52 1207 1281 1281; baseline -0.005 -13"><span class='ocrx_word' id='word_1_73' title='bbox 52 1231 118 1268; x_wconf 84' lang='lat' dir='ltr'>nno</span> <span class='ocrx_word' id='word_1_74' title='bbox 136 1213 202 1266; x_wconf 86' lang='lat' dir='ltr'>loco</span> <span class='ocrx_word' id='word_1_75' title='bbox 222 1209 380 1276; x_wconf 78' lang='lat' dir='ltr'>sedebam,</span> <span class='ocrx_word' id='word_1_76' title='bbox 399 1211 431 1263; x_wconf 90' lang='lat' dir='ltr'>in</span> <span class='ocrx_word' id='word_1_77' title='bbox 449 1213 572 1263; x_wconf 79' lang='lat' dir='ltr'>Verrem</span> <span class='ocrx_word' id='word_1_78' title='bbox 593 1214 619 1276; x_wconf 92' lang='lat' dir='ltr'>l,</span> <span class='ocrx_word' id='word_1_79' title='bbox 638 1213 683 1267; x_wconf 77' lang='lat'>46.</span> <span class='ocrx_word' id='word_1_80' title='bbox 709 1209 745 1264; x_wconf 89' lang='lat' dir='ltr'>de</span> <span class='ocrx_word' id='word_1_81' title='bbox 770 1219 909 1281; x_wconf 87' lang='lat' dir='ltr'>praetura</span> <span class='ocrx_word' id='word_1_82' title='bbox 925 1210 1051 1263; x_wconf 82' lang='lat' dir='ltr'>urbana:</span> <span class='ocrx_word' id='word_1_83' title='bbox 1080 1207 1113 1263; x_wconf 75' lang='lat' dir='ltr'>t.</span> <span class='ocrx_word' id='word_1_84' title='bbox 1132 1207 1209 1276; x_wconf 71' lang='lat' dir='ltr'>lb&#39;ao,</span> <span class='ocrx_word' id='word_1_85' title='bbox 1235 1211 1281 1262; x_wconf 85' lang='lat' dir='ltr'>in·</span> 
     </span>
     <span class='ocr_line' id='line_1_11' title="bbox 53 1279 1282 1362; baseline -0.003 -25"><span class='ocrx_word' id='word_1_86' title='bbox 53 1287 133 1362; x_wconf 87' lang='lat' dir='ltr'>quit,</span> <span class='ocrx_word' id='word_1_87' title='bbox 161 1283 265 1336; x_wconf 85' lang='lat' dir='ltr'>mattae</span> <span class='ocrx_word' id='word_1_88' title='bbox 282 1281 393 1336; x_wconf 79' lang='lat' dir='ltr'>coelicae</span> <span class='ocrx_word' id='word_1_89' title='bbox 417 1281 547 1351; x_wconf 78' lang='lat' dir='ltr'>implevit</span> <span class='ocrx_word' id='word_1_90' title='bbox 565 1296 663 1334; x_wconf 84' lang='lat' dir='ltr'>earam</span> <span class='ocrx_word' id='word_1_91' title='bbox 681 1297 787 1344; x_wconf 74' lang='lat' dir='ltr'>emm,</span> <span class='ocrx_word' id='word_1_92' title='bbox 815 1281 915 1352; x_wconf 80' lang='lat' dir='ltr'>quibua</span> <span class='ocrx_word' id='word_1_93' title='bbox 938 1279 983 1334; x_wconf 83' lang='lat' dir='ltr'>ita</span> <span class='ocrx_word' id='word_1_94' title='bbox 1009 1279 1182 1346; x_wconf 79' lang='lat' dir='ltr'>interceaae&#39;t,</span> <span class='ocrx_word' id='word_1_95' title='bbox 1207 1279 1282 1350; x_wconf 80' lang='lat' dir='ltr'>qaod</span> 
     </span>
     <span class='ocr_line' id='line_1_12' title="bbox 52 1351 1281 1440; baseline -0.006 -30"><span class='ocrx_word' id='word_1_96' title='bbox 52 1357 111 1440; x_wconf 69' lang='lat' dir='ltr'>iate</span> <span class='ocrx_word' id='word_1_97' title='bbox 130 1354 217 1408; x_wconf 79' lang='lat' dir='ltr'>aliter</span> <span class='ocrx_word' id='word_1_98' title='bbox 235 1361 317 1424; x_wconf 82' lang='lat' dir='ltr'>atque</span> <span class='ocrx_word' id='word_1_99' title='bbox 341 1359 372 1440; x_wconf 73' lang='lat' dir='ltr'>at</span> <span class='ocrx_word' id='word_1_100' title='bbox 397 1354 527 1436; x_wconf 73' lang='lat' dir='ltr'>edixerat</span> <span class='ocrx_word' id='word_1_101' title='bbox 551 1353 730 1436; x_wconf 73' lang='lat' dir='ltr'>decremaaet.</span> <span class='ocrx_word' id='word_1_102' title='bbox 768 1353 850 1435; x_wconf 65' lang='lat' dir='ltr'>quod</span> <span class='ocrx_word' id='word_1_103' title='bbox 875 1367 925 1406; x_wconf 87' lang='lat' dir='ltr'>ooa</span> <span class='ocrx_word' id='word_1_104' title='bbox 948 1351 1053 1436; x_wconf 78' lang='lat' dir='ltr'>oblitae</span> <span class='ocrx_word' id='word_1_105' title='bbox 1077 1367 1139 1406; x_wconf 84' lang='lat' dir='ltr'>eaae</span> <span class='ocrx_word' id='word_1_106' title='bbox 1158 1369 1213 1406; x_wconf 82' lang='lat' dir='ltr'>aon</span> <span class='ocrx_word' id='word_1_107' title='bbox 1230 1366 1281 1436; x_wconf 77' lang='lat' dir='ltr'>ar·</span> 
     </span>
     <span class='ocr_line' id='line_1_13' title="bbox 52 1423 1283 1577; baseline -0.006 -23"><span class='ocrx_word' id='word_1_108' title='bbox 52 1423 1157 1577; x_wconf 57' lang='lat' dir='ltr'>lt&#39;teatelittteltet&#39;lttltttttl’tt‘tltt‘tt</span> <span class='ocrx_word' id='word_1_109' title='bbox 1177 1423 1283 1564; x_wconf 59' lang='lat' dir='ltr'>etti:</span> 
     </span>
     <span class='ocr_line' id='line_1_14' title="bbox 53 1563 1284 1652; baseline -0.005 -28"><span class='ocrx_word' id='word_1_110' title='bbox 53 1572 106 1624; x_wconf 81' lang='lat' dir='ltr'>lma</span> <span class='ocrx_word' id='word_1_111' title='bbox 125 1575 207 1623; x_wconf 87' lang='lat' dir='ltr'>eaaet.</span> <span class='ocrx_word' id='word_1_112' title='bbox 237 1567 444 1652; x_wconf 33' lang='lat' dir='ltr'>‘Aenoninaque</span> <span class='ocrx_word' id='word_1_113' title='bbox 463 1567 520 1621; x_wconf 86' lang='lat' dir='ltr'>ibi:</span> <span class='ocrx_word' id='word_1_114' title='bbox 538 1569 726 1652; x_wconf 67' lang='lat' dir='ltr'>lateroedere,</span> <span class='ocrx_word' id='word_1_115' title='bbox 744 1573 774 1621; x_wconf 83' lang='lat' dir='ltr'>at</span> <span class='ocrx_word' id='word_1_116' title='bbox 792 1567 884 1632; x_wconf 79' lang='lat' dir='ltr'>melea,</span> <span class='ocrx_word' id='word_1_117' title='bbox 903 1566 991 1620; x_wconf 83' lang='lat' dir='ltr'>ettam</span> <span class='ocrx_word' id='word_1_118' title='bbox 1007 1564 1130 1620; x_wconf 81' lang='lat' dir='ltr'>Praetor</span> <span class='ocrx_word' id='word_1_119' title='bbox 1147 1563 1284 1652; x_wconf 78' lang='lat' dir='ltr'>Praetori</span> 
     </span>
     <span class='ocr_line' id='line_1_15' title="bbox 52 1635 1309 1782; baseline -0.005 -15"><span class='ocrx_word' id='word_1_120' title='bbox 52 1639 808 1782; x_wconf 56' lang='lat' dir='ltr'>:ltili,litlimtti‘tt‘ttel&#39;tt“t</span> <span class='ocrx_word' id='word_1_121' title='bbox 826 1639 965 1778; x_wconf 60' lang='lat' dir='ltr'>ittet</span> <span class='ocrx_word' id='word_1_122' title='bbox 988 1639 1077 1767; x_wconf 75' lang='lat' dir='ltr'>t‘l·</span> <span class='ocrx_word' id='word_1_123' title='bbox 1093 1635 1309 1776; x_wconf 49' lang='lat' dir='ltr'>nitidi?</span> 
     </span>
     <span class='ocr_line' id='line_1_16' title="bbox 56 1779 1332 1854; baseline -0.005 -16"><span class='ocrx_word' id='word_1_124' title='bbox 56 1781 193 1850; x_wconf 75' lang='lat' dir='ltr'>Trlbaae‘,</span> <span class='ocrx_word' id='word_1_125' title='bbox 212 1797 230 1834; x_wconf 89' lang='lat' dir='ltr'>a</span> <span class='ocrx_word' id='word_1_126' title='bbox 250 1781 349 1854; x_wconf 77' lang='lat' dir='ltr'>quibua</span> <span class='ocrx_word' id='word_1_127' title='bbox 367 1799 448 1853; x_wconf 78' lang='lat' dir='ltr'>quam</span> <span class='ocrx_word' id='word_1_128' title='bbox 474 1789 547 1836; x_wconf 82' lang='lat' dir='ltr'>eaeet</span> <span class='ocrx_word' id='word_1_129' title='bbox 570 1787 678 1836; x_wconf 83' lang='lat' dir='ltr'>certam</span> <span class='ocrx_word' id='word_1_130' title='bbox 701 1781 838 1835; x_wconf 80' lang='lat' dir='ltr'>aaeila&#39;am</span> <span class='ocrx_word' id='word_1_131' title='bbox 859 1783 982 1850; x_wconf 78' lang='lat' dir='ltr'>petitum</span> <span class='ocrx_word' id='word_1_132' title='bbox 1006 1785 1058 1834; x_wconf 87' lang='lat' dir='ltr'>eto.</span> <span class='ocrx_word' id='word_1_133' title='bbox 1096 1779 1213 1834; x_wconf 85' lang='lat' dir='ltr'>(ilarine</span> <span class='ocrx_word' id='word_1_134' title='bbox 1235 1779 1284 1832; x_wconf 93' lang='lat' dir='ltr'>in·</span> <span class='ocrx_word' id='word_1_135' title='bbox 1330 1813 1332 1820; x_wconf 88' lang='lat'>·</span> 
     </span>
     <span class='ocr_line' id='line_1_17' title="bbox 52 1849 1283 1924; baseline -0.004 -16"><span class='ocrx_word' id='word_1_136' title='bbox 52 1855 102 1909; x_wconf 82' lang='lat' dir='ltr'>ira</span> <span class='ocrx_word' id='word_1_137' title='bbox 131 1872 157 1909; x_wconf 84' lang='lat' dir='ltr'>o·</span> <span class='ocrx_word' id='word_1_138' title='bbox 184 1857 230 1910; x_wconf 77' lang='grc'>10.</span> <span class='ocrx_word' id='word_1_139' title='bbox 267 1854 349 1907; x_wconf 83' lang='lat' dir='ltr'>caiae</span> <span class='ocrx_word' id='word_1_140' title='bbox 376 1860 549 1924; x_wconf 81' lang='lat' dir='ltr'>procurator</span> <span class='ocrx_word' id='word_1_141' title='bbox 575 1871 594 1908; x_wconf 90' lang='lat' dir='ltr'>a</span> <span class='ocrx_word' id='word_1_142' title='bbox 618 1851 756 1907; x_wconf 76' lang='lat' dir='ltr'>Ptaetore</span> <span class='ocrx_word' id='word_1_143' title='bbox 782 1853 920 1906; x_wconf 66' lang='lat' dir='ltr'>liilanoe</span> <span class='ocrx_word' id='word_1_144' title='bbox 947 1852 1090 1920; x_wconf 83' lang='lat' dir='ltr'>apellare</span> <span class='ocrx_word' id='word_1_145' title='bbox 1114 1865 1201 1904; x_wconf 78' lang='lat' dir='ltr'>aeaeae</span> <span class='ocrx_word' id='word_1_146' title='bbox 1230 1849 1283 1904; x_wconf 81' lang='lat' dir='ltr'>eit.</span> 
     </span>
     <span class='ocr_line' id='line_1_18' title="bbox 53 1921 1286 2000; baseline -0.006 -19"><span class='ocrx_word' id='word_1_147' title='bbox 53 1927 136 1981; x_wconf 82' lang='lat' dir='ltr'>Haeo</span> <span class='ocrx_word' id='word_1_148' title='bbox 154 1924 245 1980; x_wconf 83' lang='lat' dir='ltr'>olim:</span> <span class='ocrx_word' id='word_1_149' title='bbox 264 1942 319 1979; x_wconf 86' lang='lat' dir='ltr'>neo</span> <span class='ocrx_word' id='word_1_150' title='bbox 337 1942 410 1997; x_wconf 90' lang='lat' dir='ltr'>appe</span> <span class='ocrx_word' id='word_1_151' title='bbox 437 1932 516 1979; x_wconf 87' lang='lat' dir='ltr'>atum</span> <span class='ocrx_word' id='word_1_152' title='bbox 535 1926 650 1995; x_wconf 77' lang='lat' dir='ltr'>reperio</span> <span class='ocrx_word' id='word_1_153' title='bbox 669 1923 706 1980; x_wconf 85' lang='lat' dir='ltr'>ad</span> <span class='ocrx_word' id='word_1_154' title='bbox 724 1932 864 1980; x_wconf 78' lang='lat' dir='ltr'>senatum.</span> <span class='ocrx_word' id='word_1_155' title='bbox 899 1923 938 1977; x_wconf 82' lang='lat' dir='ltr'>At</span> <span class='ocrx_word' id='word_1_156' title='bbox 982 1930 1102 2000; x_wconf 77' lang='lat' dir='ltr'>agnatae</span> <span class='ocrx_word' id='word_1_157' title='bbox 1122 1923 1166 1976; x_wconf 84' lang='lat' dir='ltr'>im</span> <span class='ocrx_word' id='word_1_158' title='bbox 1189 1921 1286 1976; x_wconf 85' lang='lat' dir='ltr'>erium</span> 
     </span>
     <span class='ocr_line' id='line_1_19' title="bbox 52 1989 1285 2069; baseline -0.006 -17"><span class='ocrx_word' id='word_1_159' title='bbox 52 1998 175 2069; x_wconf 83' lang='lat' dir='ltr'>adeptae</span> <span class='ocrx_word' id='word_1_160' title='bbox 202 1995 408 2066; x_wconf 80' lang='lat' dir='ltr'>appellatioaee</span> <span class='ocrx_word' id='word_1_161' title='bbox 449 1997 586 2050; x_wconf 80' lang='lat' dir='ltr'>aotaam&#39;a</span> <span class='ocrx_word' id='word_1_162' title='bbox 607 1997 780 2051; x_wconf 81' lang='lat' dir='ltr'>urbanorum</span> <span class='ocrx_word' id='word_1_163' title='bbox 805 1995 917 2067; x_wconf 81' lang='lat' dir='ltr'>quidem</span> <span class='ocrx_word' id='word_1_164' title='bbox 942 1995 1124 2062; x_wconf 78' lang='lat' dir='ltr'>litigatorum</span> <span class='ocrx_word' id='word_1_165' title='bbox 1190 1989 1285 2046; x_wconf 76' lang='lat' dir='ltr'>aetoea&#39;</span> 
     </span>
     <span class='ocr_line' id='line_1_20' title="bbox 54 2063 1286 2145; baseline -0.005 -23"><span class='ocrx_word' id='word_1_166' title='bbox 54 2067 202 2134; x_wconf 78' lang='lat' dir='ltr'>delegavit</span> <span class='ocrx_word' id='word_1_167' title='bbox 225 2069 354 2122; x_wconf 72' lang='lat' dir='ltr'>aroenae</span> <span class='ocrx_word' id='word_1_168' title='bbox 386 2068 502 2132; x_wconf 82' lang='lat' dir='ltr'>(timide</span> <span class='ocrx_word' id='word_1_169' title='bbox 520 2069 647 2145; x_wconf 79' lang='lat' dir='ltr'>ambigo,</span> <span class='ocrx_word' id='word_1_170' title='bbox 670 2085 742 2123; x_wconf 86' lang='lat' dir='ltr'>num</span> <span class='ocrx_word' id='word_1_171' title='bbox 772 2068 858 2124; x_wconf 85' lang='lat' dir='ltr'>eerib.</span> <span class='ocrx_word' id='word_1_172' title='bbox 878 2065 1028 2134; x_wconf 71' lang='lat' dir='ltr'>Praefecto</span> <span class='ocrx_word' id='word_1_173' title='bbox 1047 2065 1101 2122; x_wconf 84' lang='lat' dir='ltr'>del.</span> <span class='ocrx_word' id='word_1_174' title='bbox 1123 2063 1225 2132; x_wconf 77' lang='lat' dir='ltr'>Urdia)</span> <span class='ocrx_word' id='word_1_175' title='bbox 1253 2069 1286 2117; x_wconf 87' lang='lat' dir='ltr'>at</span> 
     </span>
     <span class='ocr_line' id='line_1_21' title="bbox 50 2136 1285 2210; baseline -0.002 -18"><span class='ocrx_word' id='word_1_176' title='bbox 50 2139 274 2206; x_wconf 77' lang='lat' dir='ltr'>provincialium</span> <span class='ocrx_word' id='word_1_177' title='bbox 292 2139 487 2193; x_wconf 68' lang='lat' dir='ltr'>nonullae-ibae</span> <span class='ocrx_word' id='word_1_178' title='bbox 504 2137 588 2207; x_wconf 77' lang='lat' dir='ltr'>oie-ie,</span> <span class='ocrx_word' id='word_1_179' title='bbox 609 2155 680 2210; x_wconf 82' lang='lat' dir='ltr'>qaoa</span> <span class='ocrx_word' id='word_1_180' title='bbox 698 2139 828 2210; x_wconf 72' lang='lat' dir='ltr'>ringulae</span> <span class='ocrx_word' id='word_1_181' title='bbox 851 2137 987 2210; x_wconf 81' lang='lat' dir='ltr'>aulaeque</span> <span class='ocrx_word' id='word_1_182' title='bbox 1006 2136 1176 2207; x_wconf 76' lang='lat' dir='ltr'>provinciae</span> <span class='ocrx_word' id='word_1_183' title='bbox 1198 2151 1285 2206; x_wconf 73' lang='lat' dir='ltr'>aego-</span> 
     </span>
     <span class='ocr_line' id='line_1_22' title="bbox 53 2207 1284 2286; baseline 0 -26"><span class='ocrx_word' id='word_1_184' title='bbox 53 2209 107 2262; x_wconf 82' lang='lat' dir='ltr'>ta&#39;e&#39;a</span> <span class='ocrx_word' id='word_1_185' title='bbox 123 2209 350 2278; x_wconf 70' lang='lat' dir='ltr'>praeposuisset,</span> <span class='ocrx_word' id='word_1_186' title='bbox 369 2211 411 2264; x_wconf 91' lang='lat' dir='ltr'>ait</span> <span class='ocrx_word' id='word_1_187' title='bbox 429 2210 508 2268; x_wconf 85' lang='lat' dir='ltr'>Suet.</span> <span class='ocrx_word' id='word_1_188' title='bbox 528 2227 554 2263; x_wconf 88' lang='lat' dir='ltr'>o.</span> <span class='ocrx_word' id='word_1_189' title='bbox 573 2215 619 2268; x_wconf 79' lang='grc'>33.</span> <span class='ocrx_word' id='word_1_190' title='bbox 657 2211 749 2280; x_wconf 84' lang='lat' dir='ltr'>Quem</span> <span class='ocrx_word' id='word_1_191' title='bbox 774 2211 816 2264; x_wconf 92' lang='lat' dir='ltr'>ita</span> <span class='ocrx_word' id='word_1_192' title='bbox 840 2208 988 2286; x_wconf 78' lang='lat' dir='ltr'>intelligo,</span> <span class='ocrx_word' id='word_1_193' title='bbox 1014 2216 1048 2263; x_wconf 83' lang='lat' dir='ltr'>at</span> <span class='ocrx_word' id='word_1_194' title='bbox 1072 2225 1108 2280; x_wconf 91' lang='lat' dir='ltr'>ap</span> <span class='ocrx_word' id='word_1_195' title='bbox 1147 2207 1284 2262; x_wconf 84' lang='lat' dir='ltr'>llationee</span> 
     </span>
     <span class='ocr_line' id='line_1_23' title="bbox 55 2278 1285 2356; baseline -0.002 -22"><span class='ocrx_word' id='word_1_196' title='bbox 55 2299 72 2334; x_wconf 86' lang='lat' dir='ltr'>a</span> <span class='ocrx_word' id='word_1_197' title='bbox 90 2278 258 2332; x_wconf 75' lang='lat' dir='ltr'>minoribns</span> <span class='ocrx_word' id='word_1_198' title='bbox 277 2282 496 2356; x_wconf 75' lang='lat' dir='ltr'>magistratibus</span> <span class='ocrx_word' id='word_1_199' title='bbox 515 2282 718 2354; x_wconf 80' lang='lat' dir='ltr'>iudicibusque</span> <span class='ocrx_word' id='word_1_200' title='bbox 735 2281 843 2338; x_wconf 83' lang='lat' dir='ltr'>Romae</span> <span class='ocrx_word' id='word_1_201' title='bbox 861 2279 897 2336; x_wconf 85' lang='lat' dir='ltr'>ad</span> <span class='ocrx_word' id='word_1_202' title='bbox 914 2282 1080 2336; x_wconf 81' lang='lat' dir='ltr'>Praetorem</span> <span class='ocrx_word' id='word_1_203' title='bbox 1129 2287 1222 2346; x_wconf 76' lang='lat' dir='ltr'>erent,</span> <span class='ocrx_word' id='word_1_204' title='bbox 1252 2279 1285 2331; x_wconf 90' lang='lat' dir='ltr'>in</span> 
     </span>
     <span class='ocr_line' id='line_1_24' title="bbox 52 2349 1286 2425; baseline 0.001 -23"><span class='ocrx_word' id='word_1_205' title='bbox 52 2350 153 2404; x_wconf 81' lang='lat' dir='ltr'>nausia</span> <span class='ocrx_word' id='word_1_206' title='bbox 169 2349 311 2402; x_wconf 77' lang='lat' dir='ltr'>duntaxat</span> <span class='ocrx_word' id='word_1_207' title='bbox 336 2351 485 2418; x_wconf 80' lang='lat' dir='ltr'>civilibus,</span> <span class='ocrx_word' id='word_1_208' title='bbox 512 2370 528 2407; x_wconf 91' lang='lat' dir='ltr'>e</span> <span class='ocrx_word' id='word_1_209' title='bbox 546 2355 711 2422; x_wconf 84' lang='lat' dir='ltr'>provinciie</span> <span class='ocrx_word' id='word_1_210' title='bbox 736 2353 772 2408; x_wconf 88' lang='lat' dir='ltr'>ad</span> <span class='ocrx_word' id='word_1_211' title='bbox 790 2353 965 2407; x_wconf 78' lang='lat' dir='ltr'>consulares.</span> <span class='ocrx_word' id='word_1_212' title='bbox 1002 2351 1076 2405; x_wconf 88' lang='lat' dir='ltr'>Nam</span> <span class='ocrx_word' id='word_1_213' title='bbox 1095 2352 1167 2423; x_wconf 85' lang='lat' dir='ltr'>quin</span> <span class='ocrx_word' id='word_1_214' title='bbox 1184 2350 1286 2425; x_wconf 78' lang='lat' dir='ltr'><strong>Augu-</strong></span> 
     </span>
     <span class='ocr_line' id='line_1_25' title="bbox 53 2420 1286 2500; baseline 0 -26"><span class='ocrx_word' id='word_1_215' title='bbox 53 2422 203 2490; x_wconf 82' lang='lat' dir='ltr'>stue&#39;ipae,</span> <span class='ocrx_word' id='word_1_216' title='bbox 222 2420 381 2474; x_wconf 82' lang='lat' dir='ltr'>firmandae</span> <span class='ocrx_word' id='word_1_217' title='bbox 394 2420 587 2475; x_wconf 77' lang='lat' dir='ltr'>dominationi</span> <span class='ocrx_word' id='word_1_218' title='bbox 606 2431 636 2476; x_wconf 87' lang='lat' dir='ltr'>et</span> <span class='ocrx_word' id='word_1_219' title='bbox 654 2424 718 2477; x_wconf 88' lang='lat' dir='ltr'>inre</span> <span class='ocrx_word' id='word_1_220' title='bbox 735 2423 888 2492; x_wconf 81' lang='lat' dir='ltr'>potestatis</span> <span class='ocrx_word' id='word_1_221' title='bbox 903 2421 1088 2488; x_wconf 72' lang='lat' dir='ltr'>tribuniciae,</span> <span class='ocrx_word' id='word_1_222' title='bbox 1115 2424 1286 2500; x_wconf 77' lang='lat' dir='ltr'>graviorum</span> 
     </span>
     <span class='ocr_line' id='line_1_26' title="bbox 51 2490 1285 2614; baseline -0.002 -68"><span class='ocrx_word' id='word_1_223' title='bbox 51 2508 157 2546; x_wconf 86' lang='lat' dir='ltr'>rerum</span> <span class='ocrx_word' id='word_1_224' title='bbox 176 2491 388 2614; x_wconf 63' lang='lat' dir='ltr'>appellationes</span> <span class='ocrx_word' id='word_1_225' title='bbox 408 2490 464 2544; x_wconf 84' lang='lat' dir='ltr'>eibi</span> <span class='ocrx_word' id='word_1_226' title='bbox 482 2491 620 2558; x_wconf 68' lang='lat' dir='ltr'>tennerit,</span> <span class='ocrx_word' id='word_1_227' title='bbox 645 2493 723 2546; x_wconf 87' lang='lat' dir='ltr'>ambi</span> <span class='ocrx_word' id='word_1_228' title='bbox 746 2493 852 2548; x_wconf 87' lang='lat' dir='ltr'>endum</span> <span class='ocrx_word' id='word_1_229' title='bbox 871 2493 922 2545; x_wconf 82' lang='lat' dir='ltr'>vix</span> <span class='ocrx_word' id='word_1_230' title='bbox 939 2501 1011 2563; x_wconf 86' lang='lat' dir='ltr'>puto</span> <span class='ocrx_word' id='word_1_231' title='bbox 1030 2509 1046 2546; x_wconf 89' lang='lat' dir='ltr'>e</span> <span class='ocrx_word' id='word_1_232' title='bbox 1064 2492 1167 2546; x_wconf 84' lang='lat' dir='ltr'>Dionia</span> <span class='ocrx_word' id='word_1_233' title='bbox 1186 2491 1285 2546; x_wconf 81' lang='lat' dir='ltr'>verbio</span> 
     </span>
     <span class='ocr_line' id='line_1_27' title="bbox 52 2556 1286 2636; baseline -0.004 -17"><span class='ocrx_word' id='word_1_234' title='bbox 52 2563 101 2630; x_wconf 80' lang='lat'>52,</span> <span class='ocrx_word' id='word_1_235' title='bbox 123 2565 168 2618; x_wconf 83' lang='lat'>33.</span> <span class='ocrx_word' id='word_1_236' title='bbox 191 2579 212 2614; x_wconf 88' lang='lat' dir='ltr'><strong>u</strong></span> <span class='ocrx_word' id='word_1_237' title='bbox 231 2562 242 2614; x_wconf 93' lang='lat' dir='ltr'>i</span> <span class='ocrx_word' id='word_1_238' title='bbox 266 2565 414 2616; x_wconf 73' lang='lat' dir='ltr'>Maecenat</span> <span class='ocrx_word' id='word_1_239' title='bbox 438 2560 474 2615; x_wconf 90' lang='lat' dir='ltr'>ad</span> <span class='ocrx_word' id='word_1_240' title='bbox 498 2559 678 2636; x_wconf 76' lang='lat' dir='ltr'>Augustum:</span> <span class='ocrx_word' id='word_1_241' title='bbox 732 2565 804 2624; x_wconf 77' lang='lat' dir='ltr'>leole</span> <span class='ocrx_word' id='word_1_242' title='bbox 822 2561 854 2616; x_wconf 77' lang='lat' dir='ltr'>dl</span> <span class='ocrx_word' id='word_1_243' title='bbox 873 2558 953 2624; x_wconf 79' lang='grc' dir='ltr'><strong>αὐτὸς</strong></span> <span class='ocrx_word' id='word_1_244' title='bbox 970 2562 1028 2628; x_wconf 72' lang='lat' dir='ltr'>rom</span> <span class='ocrx_word' id='word_1_245' title='bbox 1051 2556 1085 2613; x_wconf 79' lang='lat' dir='ltr'>eei</span> <span class='ocrx_word' id='word_1_246' title='bbox 1111 2579 1141 2616; x_wconf 82' lang='lat' dir='ltr'>ea</span> <span class='ocrx_word' id='word_1_247' title='bbox 1164 2561 1286 2634; x_wconf 78' lang='lat' dir='ltr'>lptaepoe</span> 
     </span>
     <span class='ocr_line' id='line_1_28' title="bbox 52 2625 1287 2706; baseline -0.001 -20"><span class='ocrx_word' id='word_1_248' title='bbox 52 2637 103 2686; x_wconf 74' lang='lat' dir='ltr'>aab</span> <span class='ocrx_word' id='word_1_249' title='bbox 121 2629 156 2686; x_wconf 74' lang='lat' dir='ltr'>ed</span> <span class='ocrx_word' id='word_1_250' title='bbox 173 2631 367 2704; x_wconf 75' lang='lat' dir='ltr'>dranipmpa</span> <span class='ocrx_word' id='word_1_251' title='bbox 391 2629 446 2686; x_wconf 81' lang='lat' dir='ltr'>doe</span> <span class='ocrx_word' id='word_1_252' title='bbox 468 2625 507 2684; x_wconf 77' lang='lat' dir='ltr'>eir</span> <span class='ocrx_word' id='word_1_253' title='bbox 524 2631 602 2701; x_wconf 77' lang='grc' dir='ltr'>παρά</span> <span class='ocrx_word' id='word_1_254' title='bbox 619 2647 649 2685; x_wconf 83' lang='lat' dir='ltr'>ee</span> <span class='ocrx_word' id='word_1_255' title='bbox 665 2636 722 2686; x_wconf 81' lang='grc' dir='ltr'>τῶν</span> <span class='ocrx_word' id='word_1_256' title='bbox 738 2625 873 2706; x_wconf 80' lang='grc' dir='ltr'><em>μειζόνων</em></span> <span class='ocrx_word' id='word_1_257' title='bbox 895 2629 1041 2702; x_wconf 76' lang='grc' dir='ltr'><em>ἀρχόντων</em></span> <span class='ocrx_word' id='word_1_258' title='bbox 1064 2633 1112 2683; x_wconf 78' lang='lat' dir='ltr'>eal</span> <span class='ocrx_word' id='word_1_259' title='bbox 1135 2629 1212 2704; x_wconf 80' lang='grc' dir='ltr'><strong><em>παρὰ</em></strong></span> <span class='ocrx_word' id='word_1_260' title='bbox 1229 2635 1287 2685; x_wconf 77' lang='grc' dir='ltr'>τῶν</span> 
     </span>
     <span class='ocr_line' id='line_1_29' title="bbox 52 2697 1286 2776; baseline -0.001 -18"><span class='ocrx_word' id='word_1_261' title='bbox 52 2697 227 2776; x_wconf 76' lang='grc' dir='ltr'><strong><em>ἐπιτρόπων,</em></strong></span> <span class='ocrx_word' id='word_1_262' title='bbox 252 2705 301 2758; x_wconf 80' lang='grc' dir='ltr'>τοῦ</span> <span class='ocrx_word' id='word_1_263' title='bbox 324 2719 354 2757; x_wconf 83' lang='grc' dir='ltr'>τε</span> <span class='ocrx_word' id='word_1_264' title='bbox 371 2697 526 2776; x_wconf 70' lang='grc' dir='ltr'><strong><em>πολωὶρχου</em></strong></span> <span class='ocrx_word' id='word_1_265' title='bbox 550 2704 665 2756; x_wconf 73' lang='grc' dir='ltr'><strong>καὶτοῦ</strong></span> <span class='ocrx_word' id='word_1_266' title='bbox 683 2699 863 2773; x_wconf 61' lang='lat' dir='ltr'>inerementi,</span> <span class='ocrx_word' id='word_1_267' title='bbox 888 2705 936 2755; x_wconf 80' lang='lat' dir='ltr'>ani</span> <span class='ocrx_word' id='word_1_268' title='bbox 953 2708 1010 2754; x_wconf 72' lang='grc' dir='ltr'>τῶν</span> <span class='ocrx_word' id='word_1_269' title='bbox 1027 2697 1166 2774; x_wconf 76' lang='grc' dir='ltr'>ἐπάρχων,</span> <span class='ocrx_word' id='word_1_270' title='bbox 1186 2709 1238 2758; x_wconf 73' lang='lat' dir='ltr'>eoi</span> <span class='ocrx_word' id='word_1_271' title='bbox 1255 2717 1286 2757; x_wconf 78' lang='lat' dir='ltr'>aa</span> 
     </span>
     <span class='ocr_line' id='line_1_30' title="bbox 51 2770 1287 2846; baseline 0 -18"><span class='ocrx_word' id='word_1_272' title='bbox 51 2773 109 2830; x_wconf 81' lang='grc' dir='ltr'>τὸν</span> <span class='ocrx_word' id='word_1_273' title='bbox 133 2779 213 2829; x_wconf 81' lang='grc' dir='ltr'>σῖτον</span> <span class='ocrx_word' id='word_1_274' title='bbox 235 2771 454 2838; x_wconf 71' lang='grc' dir='ltr'><strong><em>ἐπισκοποῦντας</em></strong></span> <span class='ocrx_word' id='word_1_275' title='bbox 482 2774 531 2827; x_wconf 74' lang='lat' dir='ltr'>nai</span> <span class='ocrx_word' id='word_1_276' title='bbox 553 2775 603 2828; x_wconf 84' lang='grc' dir='ltr'>τοῦ</span> <span class='ocrx_word' id='word_1_277' title='bbox 627 2776 903 2844; x_wconf 73' lang='grc' dir='ltr'>νυκτοφυλακοῦντος</span> <span class='ocrx_word' id='word_1_278' title='bbox 928 2770 1087 2844; x_wconf 73' lang='grc' dir='ltr'><em>ἀφικνῆται,</em></span> <span class='ocrx_word' id='word_1_279' title='bbox 1117 2773 1173 2828; x_wconf 87' lang='lat' dir='ltr'>etei</span> <span class='ocrx_word' id='word_1_280' title='bbox 1198 2791 1287 2846; x_wconf 74' lang='lat' dir='ltr'>quae-</span> 
     </span>
     <span class='ocr_line' id='line_1_31' title="bbox 52 2843 1287 2922; baseline -0.002 -20"><span class='ocrx_word' id='word_1_281' title='bbox 52 2848 123 2902; x_wconf 86' lang='lat' dir='ltr'>dam</span> <span class='ocrx_word' id='word_1_282' title='bbox 143 2847 184 2901; x_wconf 89' lang='lat' dir='ltr'>ibi</span> <span class='ocrx_word' id='word_1_283' title='bbox 202 2847 319 2912; x_wconf 86' lang='lat' dir='ltr'>miaaet,</span> <span class='ocrx_word' id='word_1_284' title='bbox 344 2846 439 2922; x_wconf 77' lang='lat' dir='ltr'>magle</span> <span class='ocrx_word' id='word_1_285' title='bbox 458 2861 495 2900; x_wconf 84' lang='lat' dir='ltr'>ex</span> <span class='ocrx_word' id='word_1_286' title='bbox 512 2844 575 2898; x_wconf 78' lang='lat' dir='ltr'>rita</span> <span class='ocrx_word' id='word_1_287' title='bbox 593 2846 640 2899; x_wconf 84' lang='lat' dir='ltr'>eui</span> <span class='ocrx_word' id='word_1_288' title='bbox 659 2847 723 2900; x_wconf 85' lang='lat' dir='ltr'>aevi</span> <span class='ocrx_word' id='word_1_289' title='bbox 752 2863 838 2918; x_wconf 83' lang='lat' dir='ltr'>qnam</span> <span class='ocrx_word' id='word_1_290' title='bbox 862 2843 995 2920; x_wconf 76' lang='lat' dir='ltr'>Augaeti.</span> <span class='ocrx_word' id='word_1_291' title='bbox 1018 2843 1121 2914; x_wconf 37' lang='lat' dir='ltr'>,Certe</span> <span class='ocrx_word' id='word_1_292' title='bbox 1143 2863 1160 2898; x_wconf 83' lang='lat' dir='ltr'>a</span> <span class='ocrx_word' id='word_1_293' title='bbox 1185 2851 1287 2900; x_wconf 82' lang='lat' dir='ltr'>aenatn</span> 
     </span>
     <span class='ocr_line' id='line_1_32' title="bbox 51 2914 1287 2990; baseline -0.001 -18"><span class='ocrx_word' id='word_1_294' title='bbox 51 2919 88 2973; x_wconf 90' lang='lat' dir='ltr'>ad</span> <span class='ocrx_word' id='word_1_295' title='bbox 110 2915 278 2990; x_wconf 78' lang='lat' dir='ltr'>Principem</span> <span class='ocrx_word' id='word_1_296' title='bbox 297 2917 485 2990; x_wconf 84' lang='lat' dir='ltr'>appellatum.</span> <span class='ocrx_word' id='word_1_297' title='bbox 512 2914 624 2972; x_wconf 78' lang='lat' dir='ltr'>&#39;liberii</span> <span class='ocrx_word' id='word_1_298' title='bbox 643 2917 780 2988; x_wconf 83' lang='lat' dir='ltr'>imperio,</span> <span class='ocrx_word' id='word_1_299' title='bbox 801 2925 871 2971; x_wconf 84' lang='lat' dir='ltr'>eunt</span> <span class='ocrx_word' id='word_1_300' title='bbox 889 2915 1023 2987; x_wconf 83' lang='lat' dir='ltr'>exempla</span> <span class='ocrx_word' id='word_1_301' title='bbox 1041 2915 1073 2969; x_wconf 92' lang='lat' dir='ltr'>in</span> <span class='ocrx_word' id='word_1_302' title='bbox 1091 2925 1193 2971; x_wconf 84' lang='lat' dir='ltr'>noetro</span> <span class='ocrx_word' id='word_1_303' title='bbox 1211 2917 1287 2971; x_wconf 84' lang='lat' dir='ltr'>eori-</span> 
     </span>
     <span class='ocr_line' id='line_1_33' title="bbox 52 2987 1286 3060; baseline -0.001 -18"><span class='ocrx_word' id='word_1_304' title='bbox 52 2999 153 3060; x_wconf 89' lang='lat' dir='ltr'>ptore,</span> <span class='ocrx_word' id='word_1_305' title='bbox 178 2997 213 3042; x_wconf 82' lang='lat' dir='ltr'>ut</span> <span class='ocrx_word' id='word_1_306' title='bbox 234 2989 310 3045; x_wconf 83' lang='lat' dir='ltr'>Anu.</span> <span class='ocrx_word' id='word_1_307' title='bbox 340 2991 367 3052; x_wconf 78' lang='grc'>6,</span> <span class='ocrx_word' id='word_1_308' title='bbox 387 2991 415 3045; x_wconf 76' lang='lat' dir='ltr'>b.</span> <span class='ocrx_word' id='word_1_309' title='bbox 444 2987 538 3057; x_wconf 76' lang='lat' dir='ltr'>e’a&#39;aqae</span> <span class='ocrx_word' id='word_1_310' title='bbox 562 2989 731 3043; x_wconf 80' lang='lat' dir='ltr'>iaetantibae</span> <span class='ocrx_word' id='word_1_311' title='bbox 758 2989 797 3042; x_wconf 82' lang='lat' dir='ltr'>ad</span> <span class='ocrx_word' id='word_1_312' title='bbox 822 2987 1026 3058; x_wconf 83' lang='lat' dir='ltr'>Imperatorem</span> <span class='ocrx_word' id='word_1_313' title='bbox 1044 2988 1227 3057; x_wconf 80' lang='lat' dir='ltr'>provocavit,</span> <span class='ocrx_word' id='word_1_314' title='bbox 1256 2995 1286 3043; x_wconf 89' lang='lat' dir='ltr'>et</span> 
     </span>
     <span class='ocr_line' id='line_1_34' title="bbox 53 3057 1287 3128; baseline -0.002 -14"><span class='ocrx_word' id='word_1_315' title='bbox 53 3061 139 3117; x_wconf 90' lang='lat' dir='ltr'>alibi.</span> <span class='ocrx_word' id='word_1_316' title='bbox 176 3060 245 3114; x_wconf 86' lang='lat' dir='ltr'>Poet</span> <span class='ocrx_word' id='word_1_317' title='bbox 263 3058 330 3114; x_wconf 76' lang='lat' dir='ltr'>enm</span> <span class='ocrx_word' id='word_1_318' title='bbox 341 3058 435 3114; x_wconf 84' lang='lat' dir='ltr'>-Caiue</span> <span class='ocrx_word' id='word_1_319' title='bbox 453 3058 672 3126; x_wconf 77' lang='lat' dir='ltr'>megialrate&#39;baa</span> <span class='ocrx_word' id='word_1_320' title='bbox 690 3059 811 3114; x_wconf 77' lang='lat' dir='ltr'>liberam</span> <span class='ocrx_word' id='word_1_321' title='bbox 828 3059 1055 3114; x_wconf 77' lang='lat' dir='ltr'>laelatla&#39;ate&#39;onem</span> <span class='ocrx_word' id='word_1_322' title='bbox 1072 3057 1287 3128; x_wconf 61' lang='lat' dir='ltr'>permanante</span> 
     </span>
     <span class='ocr_line' id='line_1_35' title="bbox 54 3129 1286 3216; baseline -0.002 -30"><span class='ocrx_word' id='word_1_323' title='bbox 54 3131 138 3188; x_wconf 86' lang='lat' dir='ltr'>Suet.</span> <span class='ocrx_word' id='word_1_324' title='bbox 158 3147 183 3184; x_wconf 87' lang='lat' dir='ltr'>o.</span> <span class='ocrx_word' id='word_1_325' title='bbox 204 3135 247 3189; x_wconf 82' lang='grc'>16.</span> <span class='ocrx_word' id='word_1_326' title='bbox 266 3131 287 3189; x_wconf 89' lang='lat' dir='ltr'>i.</span> <span class='ocrx_word' id='word_1_327' title='bbox 308 3149 333 3186; x_wconf 84' lang='lat' dir='ltr'>e.</span> <span class='ocrx_word' id='word_1_328' title='bbox 352 3131 416 3186; x_wconf 84' lang='lat' dir='ltr'>aine</span> <span class='ocrx_word' id='word_1_329' title='bbox 435 3129 632 3204; x_wconf 68' lang='lat' dir='ltr'>appellatione</span> <span class='ocrx_word' id='word_1_330' title='bbox 649 3131 767 3203; x_wconf 87' lang='lat' dir='ltr'>plenam</span> <span class='ocrx_word' id='word_1_331' title='bbox 784 3133 988 3216; x_wconf 76' lang='lat' dir='ltr'>priscamquee</span> <span class='ocrx_word' id='word_1_332' title='bbox 1014 3129 1065 3186; x_wconf 84' lang='lat' dir='ltr'>aed</span> <span class='ocrx_word' id='word_1_333' title='bbox 1089 3130 1120 3184; x_wconf 90' lang='lat' dir='ltr'>id</span> <span class='ocrx_word' id='word_1_334' title='bbox 1142 3147 1201 3186; x_wconf 84' lang='lat' dir='ltr'>non</span> <span class='ocrx_word' id='word_1_335' title='bbox 1220 3129 1286 3184; x_wconf 86' lang='lat' dir='ltr'>din·</span> 
     </span>
     <span class='ocr_line' id='line_1_36' title="bbox 54 3199 1285 3278; baseline -0.001 -21"><span class='ocrx_word' id='word_1_336' title='bbox 54 3203 346 3266; x_wconf 66' lang='lat' dir='ltr'>ruminantem</span> <span class='ocrx_word' id='word_1_337' title='bbox 364 3203 458 3278; x_wconf 78' lang='lat' dir='ltr'>magia</span> <span class='ocrx_word' id='word_1_338' title='bbox 518 3219 565 3257; x_wconf 87' lang='lat' dir='ltr'>am</span> <span class='ocrx_word' id='word_1_339' title='bbox 582 3204 728 3275; x_wconf 75' lang='lat' dir='ltr'>permissa</span> <span class='ocrx_word' id='word_1_340' title='bbox 745 3202 780 3256; x_wconf 89' lang='lat' dir='ltr'>ab</span> <span class='ocrx_word' id='word_1_341' title='bbox 799 3219 834 3258; x_wconf 91' lang='lat' dir='ltr'>eo</span> <span class='ocrx_word' id='word_1_342' title='bbox 854 3203 1043 3256; x_wconf 72' lang='lat' dir='ltr'>comitiorum</span> <span class='ocrx_word' id='word_1_343' title='bbox 1061 3199 1191 3256; x_wconf 72' lang='lat' dir='ltr'>libertae.</span> <span class='ocrx_word' id='word_1_344' title='bbox 1227 3201 1285 3256; x_wconf 88' lang='lat' dir='ltr'>Dio</span> 
     </span>
     <span class='ocr_line' id='line_1_37' title="bbox 54 3268 1286 3346; baseline 0.001 -19"><span class='ocrx_word' id='word_1_345' title='bbox 54 3274 135 3332; x_wconf 83' lang='lat' dir='ltr'>mihi</span> <span class='ocrx_word' id='word_1_346' title='bbox 153 3277 320 3340; x_wconf 70' lang='lat' dir='ltr'>auctorit),</span> <span class='ocrx_word' id='word_1_347' title='bbox 340 3275 382 3330; x_wconf 83' lang='grc'>18.</span> <span class='ocrx_word' id='word_1_348' title='bbox 403 3271 454 3326; x_wconf 87' lang='lat' dir='ltr'>eub</span> <span class='ocrx_word' id='word_1_349' title='bbox 498 3273 543 3327; x_wconf 88' lang='lat' dir='ltr'>aio</span> <span class='ocrx_word' id='word_1_350' title='bbox 562 3283 724 3346; x_wconf 83' lang='lat' dir='ltr'>receptam,</span> <span class='ocrx_word' id='word_1_351' title='bbox 754 3282 787 3327; x_wconf 87' lang='lat' dir='ltr'>nt</span> <span class='ocrx_word' id='word_1_352' title='bbox 805 3268 915 3328; x_wconf 85' lang='lat' dir='ltr'>indicia</span> <span class='ocrx_word' id='word_1_353' title='bbox 972 3272 1072 3328; x_wconf 81' lang='lat' dir='ltr'>aedem</span> <span class='ocrx_word' id='word_1_354' title='bbox 1092 3280 1207 3328; x_wconf 84' lang='lat' dir='ltr'>aenatue</span> <span class='ocrx_word' id='word_1_355' title='bbox 1225 3281 1286 3328; x_wconf 85' lang='lat' dir='ltr'>tra·</span> 
     </span>
     <span class='ocr_line' id='line_1_38' title="bbox 54 3343 1286 3434; baseline -0.002 -34"><span class='ocrx_word' id='word_1_356' title='bbox 54 3351 162 3434; x_wconf 60' lang='lat' dir='ltr'>claret,</span> <span class='ocrx_word' id='word_1_357' title='bbox 182 3348 224 3398; x_wconf 90' lang='lat' dir='ltr'>ita</span> <span class='ocrx_word' id='word_1_358' title='bbox 241 3351 351 3412; x_wconf 87' lang='lat' dir='ltr'>tamen,</span> <span class='ocrx_word' id='word_1_359' title='bbox 369 3351 404 3412; x_wconf 79' lang='lat' dir='ltr'>ut</span> <span class='ocrx_word' id='word_1_360' title='bbox 421 3345 508 3430; x_wconf 75' lang='lat' dir='ltr'>abeo</span> <span class='ocrx_word' id='word_1_361' title='bbox 528 3345 667 3418; x_wconf 80' lang='lat' dir='ltr'>Princeps</span> <span class='ocrx_word' id='word_1_362' title='bbox 677 3345 897 3432; x_wconf 59' lang='lat' dir='ltr'>appellaretur:</span> <span class='ocrx_word' id='word_1_363' title='bbox 956 3344 991 3432; x_wconf 70' lang='lat' dir='ltr'>ed</span> <span class='ocrx_word' id='word_1_364' title='bbox 1017 3343 1177 3430; x_wconf 73' lang='lat' dir='ltr'>appellatio</span> <span class='ocrx_word' id='word_1_365' title='bbox 1196 3343 1286 3398; x_wconf 89' lang='lat' dir='ltr'>Prin·</span> 
     </span>
     <span class='ocr_line' id='line_1_39' title="bbox 55 3417 1287 3574; baseline -0.001 -32"><span class='ocrx_word' id='word_1_366' title='bbox 55 3423 619 3574; x_wconf 55' lang='lat' dir='ltr'>:titt534¹?”52302220533t1’3332</span> <span class='ocrx_word' id='word_1_367' title='bbox 636 3419 716 3544; x_wconf 67' lang='lat' dir='ltr'>itt</span> <span class='ocrx_word' id='word_1_368' title='bbox 734 3417 1287 3552; x_wconf 56' lang='lat' dir='ltr'>imittttmtzntttttt</span> 
     </span>
     <span class='ocr_line' id='line_1_40' title="bbox 56 3557 1287 3632; baseline -0.001 -18"><span class='ocrx_word' id='word_1_369' title='bbox 56 3565 185 3628; x_wconf 76' lang='lat' dir='ltr'>tuaque,</span> <span class='ocrx_word' id='word_1_370' title='bbox 204 3567 239 3611; x_wconf 88' lang='lat' dir='ltr'>nt</span> <span class='ocrx_word' id='word_1_371' title='bbox 258 3557 358 3613; x_wconf 86' lang='lat' dir='ltr'>eadem</span> <span class='ocrx_word' id='word_1_372' title='bbox 375 3573 479 3629; x_wconf 85' lang='lat' dir='ltr'>poene,</span> <span class='ocrx_word' id='word_1_373' title='bbox 499 3560 550 3630; x_wconf 81' lang='lat' dir='ltr'>qni</span> <span class='ocrx_word' id='word_1_374' title='bbox 569 3559 656 3614; x_wconf 84' lang='lat' dir='ltr'>illum</span> <span class='ocrx_word' id='word_1_375' title='bbox 674 3570 787 3618; x_wconf 86' lang='lat' dir='ltr'>temere</span> <span class='ocrx_word' id='word_1_376' title='bbox 805 3579 821 3616; x_wconf 88' lang='lat' dir='ltr'>a</span> <span class='ocrx_word' id='word_1_377' title='bbox 838 3560 965 3632; x_wconf 76' lang='lat' dir='ltr'>privatis</span> <span class='ocrx_word' id='word_1_378' title='bbox 981 3557 1287 3630; x_wconf 57' lang='lat' dir='ltr'>indemne-appellae-</span> 
     </span>
     <span class='ocr_line' id='line_1_41' title="bbox 56 3629 1287 3702; baseline -0.002 -17"><span class='ocrx_word' id='word_1_379' title='bbox 56 3639 132 3697; x_wconf 84' lang='lat' dir='ltr'>eent,</span> <span class='ocrx_word' id='word_1_380' title='bbox 152 3637 335 3696; x_wconf 85' lang='lat' dir='ltr'>tenerentur,</span> <span class='ocrx_word' id='word_1_381' title='bbox 356 3647 412 3702; x_wconf 85' lang='lat' dir='ltr'>qua</span> <span class='ocrx_word' id='word_1_382' title='bbox 431 3630 483 3700; x_wconf 83' lang='lat' dir='ltr'>qui</span> <span class='ocrx_word' id='word_1_383' title='bbox 501 3631 678 3702; x_wconf 77' lang='lat' dir='ltr'>Principem.</span> <span class='ocrx_word' id='word_1_384' title='bbox 716 3631 898 3688; x_wconf 84' lang='lat' dir='ltr'>Sententiam</span> <span class='ocrx_word' id='word_1_385' title='bbox 916 3629 992 3684; x_wconf 83' lang='lat' dir='ltr'>bano</span> <span class='ocrx_word' id='word_1_386' title='bbox 1009 3631 1078 3684; x_wconf 85' lang='lat' dir='ltr'>eatis</span> <span class='ocrx_word' id='word_1_387' title='bbox 1097 3631 1199 3700; x_wconf 78' lang='lat' dir='ltr'>oapioe</span> <span class='ocrx_word' id='word_1_388' title='bbox 1218 3645 1287 3684; x_wconf 85' lang='lat' dir='ltr'>oon-</span> 
     </span>
     <span class='ocr_line' id='line_1_42' title="bbox 55 3700 1286 3774; baseline 0.002 -20"><span class='ocrx_word' id='word_1_389' title='bbox 55 3703 256 3755; x_wconf 81' lang='lat' dir='ltr'>firmationem</span> <span class='ocrx_word' id='word_1_390' title='bbox 275 3717 384 3772; x_wconf 85' lang='lat' dir='ltr'>quaero</span> <span class='ocrx_word' id='word_1_391' title='bbox 403 3707 434 3754; x_wconf 88' lang='lat' dir='ltr'>et</span> <span class='ocrx_word' id='word_1_392' title='bbox 452 3702 594 3774; x_wconf 80' lang='lat' dir='ltr'>exemplo.</span> <span class='ocrx_word' id='word_1_393' title='bbox 620 3702 707 3760; x_wconf 86' lang='lat' dir='ltr'>Nihil</span> <span class='ocrx_word' id='word_1_394' title='bbox 726 3705 804 3759; x_wconf 87' lang='lat' dir='ltr'>enim</span> <span class='ocrx_word' id='word_1_395' title='bbox 822 3719 893 3774; x_wconf 87' lang='lat' dir='ltr'>prae</span> <span class='ocrx_word' id='word_1_396' title='bbox 911 3719 999 3757; x_wconf 87' lang='lat' dir='ltr'>mann</span> <span class='ocrx_word' id='word_1_397' title='bbox 1017 3700 1104 3769; x_wconf 86' lang='lat' dir='ltr'>mihi,</span> <span class='ocrx_word' id='word_1_398' title='bbox 1123 3701 1286 3773; x_wconf 81' lang='lat' dir='ltr'>quodietno</span> 
     </span>
     <span class='ocr_line' id='line_1_43' title="bbox 56 3770 1286 3846; baseline 0.001 -19"><span class='ocrx_word' id='word_1_399' title='bbox 56 3775 157 3840; x_wconf 84' lang='lat' dir='ltr'>laniat,</span> <span class='ocrx_word' id='word_1_400' title='bbox 191 3773 251 3826; x_wconf 80' lang='lat' dir='ltr'>nisi</span> <span class='ocrx_word' id='word_1_401' title='bbox 278 3774 360 3827; x_wconf 79' lang='lat' dir='ltr'>forte</span> <span class='ocrx_word' id='word_1_402' title='bbox 442 3790 457 3827; x_wconf 90' lang='lat' dir='ltr'>e</span> <span class='ocrx_word' id='word_1_403' title='bbox 483 3770 518 3827; x_wconf 87' lang='lat' dir='ltr'>de</span> <span class='ocrx_word' id='word_1_404' title='bbox 542 3789 636 3844; x_wconf 88' lang='lat' dir='ltr'>poena</span> <span class='ocrx_word' id='word_1_405' title='bbox 681 3773 865 3832; x_wconf 84' lang='lat' dir='ltr'>raeiudieiali</span> <span class='ocrx_word' id='word_1_406' title='bbox 889 3790 1001 3839; x_wconf 86' lang='lat' dir='ltr'>eornm,</span> <span class='ocrx_word' id='word_1_407' title='bbox 1028 3775 1079 3846; x_wconf 84' lang='lat' dir='ltr'>qai</span> <span class='ocrx_word' id='word_1_408' title='bbox 1102 3774 1286 3828; x_wconf 81' lang='lat' dir='ltr'>aPraefeoto</span> 
     </span>
     <span class='ocr_line' id='line_1_44' title="bbox 57 3793 1287 3926; baseline -0.001 -27"><span class='ocrx_word' id='word_1_409' title='bbox 57 3845 148 3899; x_wconf 84' lang='lat' dir='ltr'>Urbie</span> <span class='ocrx_word' id='word_1_410' title='bbox 166 3843 371 3916; x_wconf 70' lang='lat' dir='ltr'>appellassent,</span> <span class='ocrx_word' id='word_1_411' title='bbox 410 3843 583 3926; x_wconf 83' lang='lat' dir='ltr'>ymmaehne</span> <span class='ocrx_word' id='word_1_412' title='bbox 607 3793 712 3902; x_wconf 52' lang='lat' dir='ltr'>notabit</span> <span class='ocrx_word' id='word_1_413' title='bbox 729 3847 788 3918; x_wconf 79' lang='lat' dir='ltr'>Ep.</span> <span class='ocrx_word' id='word_1_414' title='bbox 807 3850 851 3912; x_wconf 79' lang='lat' dir='ltr'>lt,</span> <span class='ocrx_word' id='word_1_415' title='bbox 870 3847 914 3904; x_wconf 76' lang='grc'>19.</span> <span class='ocrx_word' id='word_1_416' title='bbox 941 3853 971 3902; x_wconf 89' lang='lat' dir='ltr'>et</span> <span class='ocrx_word' id='word_1_417' title='bbox 988 3845 1031 3902; x_wconf 79' lang='lat'>51.</span> <span class='ocrx_word' id='word_1_418' title='bbox 1062 3844 1154 3912; x_wconf 83' lang='lat' dir='ltr'>Quam</span> <span class='ocrx_word' id='word_1_419' title='bbox 1172 3851 1217 3910; x_wconf 87' lang='lat' dir='ltr'>tu,</span> <span class='ocrx_word' id='word_1_420' title='bbox 1236 3861 1287 3899; x_wconf 88' lang='lat' dir='ltr'>oa·</span> 
     </span>
     <span class='ocr_line' id='line_1_45' title="bbox 57 3913 1287 4002; baseline 0 -32"><span class='ocrx_word' id='word_1_421' title='bbox 57 3915 129 4002; x_wconf 85' lang='lat' dir='ltr'>pide</span> <span class='ocrx_word' id='word_1_422' title='bbox 154 3915 257 3980; x_wconf 84' lang='lat' dir='ltr'>lector,</span> <span class='ocrx_word' id='word_1_423' title='bbox 281 3916 357 3970; x_wconf 83' lang='lat' dir='ltr'>vide.</span> <span class='ocrx_word' id='word_1_424' title='bbox 395 3913 470 3968; x_wconf 86' lang='lat' dir='ltr'>Mihi</span> <span class='ocrx_word' id='word_1_425' title='bbox 489 3931 506 3970; x_wconf 86' lang='lat' dir='ltr'>a</span> <span class='ocrx_word' id='word_1_426' title='bbox 522 3915 618 3970; x_wconf 85' lang='lat' dir='ltr'>latere</span> <span class='ocrx_word' id='word_1_427' title='bbox 633 3920 781 3997; x_wconf 76' lang='lat' dir='ltr'>tragulam</span> <span class='ocrx_word' id='word_1_428' title='bbox 799 3915 900 3972; x_wconf 85' lang='lat' dir='ltr'>iniioit</span> <span class='ocrx_word' id='word_1_429' title='bbox 917 3915 1120 3988; x_wconf 75' lang='lat' dir='ltr'>Tranquillus,</span> <span class='ocrx_word' id='word_1_430' title='bbox 1138 3916 1190 3988; x_wconf 84' lang='lat' dir='ltr'>qui</span> <span class='ocrx_word' id='word_1_431' title='bbox 1209 3914 1287 3970; x_wconf 87' lang='lat' dir='ltr'>hano</span> 
     </span>
     <span class='ocr_line' id='line_1_46' title="bbox 60 3985 1288 4062; baseline 0.002 -22"><span class='ocrx_word' id='word_1_432' title='bbox 60 4003 154 4058; x_wconf 66' lang='lat' dir='ltr'>:paam</span> <span class='ocrx_word' id='word_1_433' title='bbox 172 4003 236 4042; x_wconf 86' lang='lat' dir='ltr'>rem</span> <span class='ocrx_word' id='word_1_434' title='bbox 254 3993 378 4062; x_wconf 74' lang='lat' dir='ltr'>tangens</span> <span class='ocrx_word' id='word_1_435' title='bbox 393 3986 463 4042; x_wconf 88' lang='lat' dir='ltr'>Ner.</span> <span class='ocrx_word' id='word_1_436' title='bbox 480 4005 505 4042; x_wconf 91' lang='lat' dir='ltr'>o.</span> <span class='ocrx_word' id='word_1_437' title='bbox 517 3989 560 4044; x_wconf 82' lang='lat'>1⁷.</span> <span class='ocrx_word' id='word_1_438' title='bbox 580 3987 659 4044; x_wconf 78' lang='lat' dir='ltr'>nillil</span> <span class='ocrx_word' id='word_1_439' title='bbox 677 4007 779 4046; x_wconf 84' lang='lat' dir='ltr'>eorum</span> <span class='ocrx_word' id='word_1_440' title='bbox 798 3987 1017 4060; x_wconf 67' lang='lat' dir='ltr'>qtme&#39;l&#39;aeitm</span> <span class='ocrx_word' id='word_1_441' title='bbox 1043 3985 1093 4042; x_wconf 81' lang='lat' dir='ltr'>aed</span> <span class='ocrx_word' id='word_1_442' title='bbox 1105 3986 1161 4042; x_wconf 88' lang='lat' dir='ltr'>hoo</span> <span class='ocrx_word' id='word_1_443' title='bbox 1172 3994 1288 4042; x_wconf 82' lang='lat' dir='ltr'>tantum</span> 
     </span>
    </p>
   </div>
   <div class='ocr_carea' id='block_1_6' title="bbox 61 4059 1287 4202">
    <p class='ocr_par' dir='ltr' id='par_1_6' title="bbox 61 4059 1287 4202">
     <span class='ocr_line' id='line_1_47' title="bbox 61 4059 1287 4128; baseline 0.001 -15"><span class='ocrx_word' id='word_1_444' title='bbox 61 4059 148 4124; x_wconf 83' lang='lat' dir='ltr'>dicit,</span> <span class='ocrx_word' id='word_1_445' title='bbox 164 4065 286 4125; x_wconf 82' lang='lat' dir='ltr'>matam,</span> <span class='ocrx_word' id='word_1_446' title='bbox 304 4065 337 4112; x_wconf 85' lang='lat' dir='ltr'>at</span> <span class='ocrx_word' id='word_1_447' title='bbox 354 4075 444 4113; x_wconf 79' lang='lat' dir='ltr'>amaea</span> <span class='ocrx_word' id='word_1_448' title='bbox 460 4059 663 4128; x_wconf 66' lang='lat' dir='ltr'>appellatione</span> <span class='ocrx_word' id='word_1_449' title='bbox 682 4077 700 4116; x_wconf 91' lang='lat' dir='ltr'>a</span> <span class='ocrx_word' id='word_1_450' title='bbox 718 4059 861 4116; x_wconf 77' lang='lat' dir='ltr'>inlicitae</span> <span class='ocrx_word' id='word_1_451' title='bbox 879 4061 918 4114; x_wconf 86' lang='lat' dir='ltr'>ad</span> <span class='ocrx_word' id='word_1_452' title='bbox 935 4065 1060 4114; x_wconf 71' lang='lat' dir='ltr'>aeman</span> <span class='ocrx_word' id='word_1_453' title='bbox 1077 4059 1187 4126; x_wconf 67' lang='lat' dir='ltr'>timeat.</span> <span class='ocrx_word' id='word_1_454' title='bbox 1212 4059 1287 4114; x_wconf 82' lang='lat' dir='ltr'>llae-</span> 
     </span>
     <span class='ocr_line' id='line_1_48' title="bbox 63 4129 802 4202; baseline 0 -17"><span class='ocrx_word' id='word_1_455' title='bbox 63 4139 112 4186; x_wconf 89' lang='lat' dir='ltr'>ret</span> <span class='ocrx_word' id='word_1_456' title='bbox 130 4129 162 4186; x_wconf 82' lang='lat' dir='ltr'>id</span> <span class='ocrx_word' id='word_1_457' title='bbox 179 4129 326 4202; x_wconf 71' lang='lat' dir='ltr'>apiculum</span> <span class='ocrx_word' id='word_1_458' title='bbox 345 4137 453 4186; x_wconf 82' lang='lat' dir='ltr'>etnon</span> <span class='ocrx_word' id='word_1_459' title='bbox 470 4129 576 4188; x_wconf 80' lang='lat' dir='ltr'>evello.</span> <span class='ocrx_word' id='word_1_460' title='bbox 798 4157 802 4165; x_wconf 80' lang='lat'><em>=</em></span> 
     </span>
    </p>
   </div>
   <div class='ocr_carea' id='block_1_7' title="bbox 544 4293 835 4310">
    <p class='ocr_par' dir='ltr' id='par_1_7' title="bbox 544 4293 835 4310">
     <span class='ocr_line' id='line_1_49' title="bbox 544 4293 835 4310; baseline 0.007 -3"><span class='ocrx_word' id='word_1_461' title='bbox 544 4293 812 4310; x_wconf 59' lang='lat' dir='ltr'>mm</span> <span class='ocrx_word' id='word_1_462' title='bbox 831 4301 835 4309; x_wconf 87' lang='grc' dir='ltr'>ι</span> 
     </span>
    </p>
   </div>
   <div class='ocr_carea' id='block_1_8' title="bbox 0 0 1449 4786">
    <p class='ocr_par' dir='ltr' id='par_1_8' title="bbox 0 0 1449 4786">
     <span class='ocr_line' id='line_1_50' title="bbox 0 0 1449 4786; baseline 0 0"><span class='ocrx_word' id='word_1_463' title='bbox 0 0 1449 4786; x_wconf 95' lang='lat' dir='ltr'> </span> 
     </span>
    </p>
   </div>
  </div>
 </body>
</html>
