2872 4786
249 187 399 314 oscor
415 245 543 314 ximo
563 245 675 313 xxx.
697 201 884 328 (nujus.
905 245 1074 330 none.)
1110 187 1112 195 ’
1202 251 1266 320 soc

488 412 680 471 CAPUT
719 412 820 473 XXX.

128 519 159 585 A
195 541 239 586 ue
267 521 404 585 interim
426 521 581 586 Ostorius
602 519 744 586 Sabinus
765 520 885 584 Sorani
915 529 1089 586 accusator
1116 521 1264 610 ingredi-
1343 590 1355 613 ι

47 614 107 669 tur
129 624 171 669 or
196 607 330 688 iturque
352 603 393 692 de
413 607 560 669 amicitia
580 605 727 670 Rubellii
746 605 869 685 Plauti,
901 603 1053 688 quodque
1084 624 1264 688 proconsu-

49 690 157 750 latum
177 689 279 750 Asiae
298 687 444 752 Soranus
476 707 538 772 pro
567 689 720 752 claritate
750 689 815 750 sibi
842 689 952 771 potius
980 687 1264 752 accommodatum

49 791 150 853 quam
170 791 211 834 ex
231 771 377 834 utilitate
397 772 564 834 communi
593 773 714 859 egisset
737 769 854 835 alendo
875 771 1054 835 seditiones
1075 774 1260 834 civitatum.

47 853 177 916 Vetera
197 854 297 930 haec;
330 851 389 918 sed
414 872 531 916 recens
559 863 593 916 et
613 851 700 936 quod
721 852 907 916 discrimini
933 856 1039 937 patris
1059 855 1162 918 filiam
1184 873 1262 917 oon·

47 937 213 1016 nectebat,
235 933 323 1020 quod
343 939 516 1018 pecuniam
537 936 649 1022 Megia
670 935 827 1025 dilargita
848 944 944 1002 esset.
988 937 1165 1000 Acciderat
1185 957 1263 1001 sane

47 1021 175 1103 pietate
195 1018 373 1098 Serviliae,
403 1017 457 1096 (id
485 1021 573 1082 enim
599 1025 720 1084 nome'n
747 1019 877 1101 puellae
902 1017 989 1098 luit)
1019 1039 1101 1104 quae
1121 1022 1261 1084 caritate

48 1122 131 1188 erga
157 1112 340 1184 parentem,
375 1102 474 1166 simul
502 1101 728 1184 imprudentia
757 1103 888 1180 aetatis,
929 1122 997 1164 nou
1032 1109 1141 1166 tamen
1166 1101 1261 1166 blind

49 1186 298 1249 consultaverat
330 1199 432 1266 quam·
466 1183 507 1247 de
544 1185 771 1248 incolumitate
803 1183 918 1246 domus
947 1193 981 1248 et
1012 1205 1055 1246 an
1090 1186 1261 1269 placabilis
1340 1246 1342 1252 .

47 1267 157 1346 Nero,
195 1289 236 1329 an
268 1269 415 1354 cognitio
443 1275 574 1330 senatus
603 1268 687 1330 nihil
708 1276 804 1330 atrox
825 1271 971 1331 efferret.
1014 1265 1030 1328 l
1057 1270 1125 1331 'tur
1156 1271 1262 1332 accita
1281 1309 1303 1328 .—

48 1361 101 1413 eat
133 1352 169 1411 in
196 1356 347 1413 senatum
383 1357 612 1434 steteruntque
643 1349 768 1412 diversi
794 1357 871 1414 ante
901 1351 1037 1413 tribuna
1075 1352 1261 1431 consulum,
1329 1408 1332 1413 .

47 1433 185 1518 grandis
216 1452 299 1496 aevo
327 1451 458 1516 parens,
496 1441 614 1496 contra
639 1433 711 1496 iilia
730 1434 820 1496 intra
848 1434 1043 1496 vicesimum
1065 1435 1183 1498 aetatis
1204 1453 1262 1496 an·

46 1537 140 1591 num,
162 1535 281 1597 nuper,
303 1519 426 1578 marito
446 1514 555 1579 Annio
575 1516 728 1579 Pollione
756 1518 793 1578 iu
813 1517 967 1581 exsilium
986 1517 1093 1600 pulso,
1124 1514 1263 1579 viduata

47 1599 269 1746 dquolatqqqe,
281 1619 329 1662 rac
349 1619 392 1662 ne
412 1607 542 1684 patrem
564 1597 697 1683 quidem
717 1600 861 1680 intuens,
883 1600 977 1665 cuius
998 1617 1153 1663 onerasse
1172 1599 1263 1682 peri·

47 1703 67 1744 c
105 1683 180 1745 avi
204 1702 221 1744 e
245 1690 332 1748 atur.

119 1822 145 1875 1.
176 1817 299 1873 essm
315 1817 432 1874 sasso·
449 1817 550 1873 sons
566 1823 717 1886 omaso,
736 1851 770 1863 -
797 1801 831 1870 te
856 1815 980 1872 menna
1006 1813 1131 1871 auersa
1155 1813 1260 1882 renus,

47 1908 76 1946 r·
96 1889 133 1943 ad
150 1905 176 1946 c.
194 1889 239 1946 ts.
264 1906 293 1942 n.
314 1895 339 1946 l.
364 1921 397 1934 ·-
441 1897 583 1944 armentar
605 1890 760 1958 ingreditur
783 1888 846 1944 scil.
870 1889 992 1956 curiam,
1020 1895 1166 1943 senatum:
1198 1889 1267 1942 erut'

48 1962 128 2016 enim
145 1959 242 2032 Eques
260 1961 345 2016 modo
364 1960 602 2032 exspectabatque
617 1963 703 2027 ioris,
721 1961 789 2015 dum
807 1967 922 2032 tempus
939 1967 1029 2024 esset;
1055 1960 1123 2016 Ern.
1158 1955 1262 2014 'Acida-

45 2033 106 2086 lius
124 2031 249 2087 malebat
273 2033 465 2086 accusationem
490 2031 653 2097 ingreditur.
679 2033 724 2088 cf.
747 2032 784 2086 ad
805 2033 832 2096 o,
852 2035 880 2095 t,
899 2035 924 2087 1.
945 2061 977 2072 -
1014 2029 1138 2084 Rubellii
1160 2029 1262 2099 Plauti,

46 2123 74 2160 u.
103 2102 210 2160 ludi.
245 2101 355 2158 Rubelli
378 2103 434 2158 MS.
458 2101 538 2161 Flor.
563 2104 654 2170 (teste
677 2102 784 2168 Furia)
813 2110 843 2158 et
865 2102 909 2156 ed.
935 2099 1014 2174 Spir.
1042 2103 1073 2156 in
1098 2111 1157 2172 qua'
1172 2101 1261 2156 etism

45 2175 198 2244 Plautique.
217 2205 249 2216 -
287 2174 402 2244 quodque
427 2176 643 2242 proconsulatum
665 2175 754 2228 Asine
771 2174 891 2228 Soranus
909 2206 942 2217 -
967 2172 1113 2238 civitatula,
1141 2173 1178 2229 ci.
1198 2188 1260 2243 cap.

45 2251 89 2304 23.
115 2247 328 2314 proconsulatum
347 2245 408 2302 edd.
428 2243 507 2300 Picb.
527 2263 588 2318 sqq.
608 2247 687 2318 quod
703 2253 831 2301 suaserat
847 2245 972 2316 Lipsius.
1007 2259 1113 2314 procos.
1133 2242 1182 2300 uel
1196 2257 1262 2312 pro-

44 2320 141 2372 consul
158 2316 235 2372 MSS.
254 2325 284 2371 et
302 2317 363 2372 edd
383 2325 440 2370 vet
475 2333 525 2386 pro
542 2318 670 2371 ctoritate
694 2317 732 2386 (v.
758 2317 794 2372 ad
811 2320 838 2382 4,
857 2320 900 2384 72,
916 2317 959 2386 l.)
982 2315 1037 2370 siti
1051 2316 1141 2385 potius
1158 2330 1263 2369 aaron·

43 2390 177 2443 nodotum
197 2417 229 2428 -
248 2387 360 2454 egisset,
376 2389 599 2456 accommodate,
617 2407 653 2443 ex
671 2407 721 2443 sua
738 2389 879 2455 utilitate,
904 2403 980 2456 quaro
1004 2403 1038 2439 ea
1055 2387 1176 2441 utilitate
1193 2401 1262 2440 eon·

43 2461 129 2526 muni,
159 2480 187 2514 v.
211 2459 247 2515 sd
265 2457 301 2520 G.
320 2463 346 2522 7.
372 2477 402 2513 n.
421 2465 448 2518 l.
467 2489 502 2503 -
537 2450 636 2514 uleniio
658 2459 815 2526 seditiones,
841 2461 880 2517 ci.
896 2459 961 2514 lnd.
987 2457 1043 2513 111.
1068 2477 1096 2513 r.
1121 2457 1263 2512 Gerundiu

42 2533 74 2586 s'n
100 2531 202 2587 dativo.

117 2639 146 2696 2.
177 2639 279 2696 Vetera
303 2637 371 2694 laec
394 2639 519 2694 crimina
542 2645 636 2706 erant,
663 2651 766 2721 propr.
793 2634 1021 2701 criminationes,
1055 2636 1260 2690 ascensiones.

44 2709 92 2764 Gt.
111 2725 146 2763 cs
166 2749 173 2764 .
192 2711 236 2768 23.
258 2737 291 2749 -
314 2716 450 2764 recenset
468 2709 538 2780 quod
554 2709 706 2763 disennsni
720 2707 812 2776 patris
828 2707 913 2776 filiun
930 2707 1099 2760 connectebat
1117 2706 1173 2762 MS.
1189 2707 1260 2782 Agr.

43 2781 109 2836 edd.
135 2727 199 2853 dip.
224 2781 318 2837 Oberl.
343 2799 406 2853 sqq.
451 2781 488 2835 ln
514 2781 572 2838 MS.
600 2780 683 2836 Flor.
707 2777 833 2835 Piclsena
857 2787 887 2835 et
908 2779 1057 2860 Victorius
1083 2778 1260 2832 inuenerunt

43 2868 141 2908 recens
158 2861 184 2906 et
202 2858 264 2922 quot
280 2853 310 2905 b.
325 2869 348 2908 s.
368 2859 394 2906 et
411 2854 490 2920 quod,
509 2859 543 2906 ut
559 2852 646 2924 paulo
664 2859 731 2936 post
748 2851 819 2905 aliut
858 2865 891 2905 ro
911 2850 1003 2904 atsur.-
1021 2867 1088 2902 nsm
1106 2851 1200 2904 dett
1218 2847 1260 2901 ibi

44 2941 133 3047 saqpe
149 2931 374 3048 permutatum
396 2923 790 3062 Wauiffinfmfifwmi
807 2869 1002 3048 §ggqaffif'
1017 2919 1178 3046 qliqquqdet
1192 2919 1262 3059 pud?a

42 3013 104 3052 ve.
150 3011 243 3048 recens
312 3011 410 3049 crimen
557 3011 588 3049 sn
650 3011 660 3047 s
729 3010 889 3047 conneea
983 3035 989 3049 .
1041 3011 1088 3050 u.

43 3067 124 3120 coni.
144 3065 277 3124 Freinslr.
314 3073 341 3120 et
364 3081 414 3134 quo
438 3011 496 3124 iic.
516 3066 689 3132 Gronovius,
712 3065 790 3137 quod
813 3065 945 3137 placebat
961 3065 1107 3130 Ernestio,
1137 3061 1261 3130 nequod

42 3137 99 3203 bis,
119 3138 174 3192 etsi
192 3155 279 3192 sensu
296 3138 422 3203 diuerso,
439 3138 567 3209 positum
586 3138 634 3194 sit.
669 3137 770 3192 Vetera
786 3137 864 3204 laec,
881 3138 931 3191 sed
946 3151 1048 3202 recens,
1067 3141 1094 3188 et
1111 3131 1262 3187 dismiaissi

40 3208 135 3277 putris
156 3209 241 3276 filiurn
268 3210 439 3262 connectebat
464 3225 585 3280 prorsus
611 3207 706 3264 'l'aciti
730 3225 792 3263 osse
822 3208 942 3278 putabat
967 3207 991 3261 1.
1015 3207 1065 3262 ur.
1094 3205 1260 3260 Gronovius

41 3279 134 3334 verbo
162 3279 342 3336 substantivo
366 3281 397 3333 in
424 3279 533 3334 duobus
558 3280 705 3352 prioribus
728 3279 866 3334 orationis
884 3278 1022 3336 membris
1045 3277 1205 3343 intellecto.
1225 3307 1259 3319 —

42 3353 114 3420 quod
130 3351 267 3419 pecuniosa
285 3350 376 3417 magis
393 3351 531 3418 dilargita
548 3359 626 3417 esset,
646 3351 731 3422 quasi
750 3367 804 3422 par
827 3367 874 3405 eos
892 3351 1018 3404 scrutari
1035 3349 1176 3403 uoluisset
1200 3349 1261 3402 iata
1351 3381 1354 3392 ·

45 3430 76 3478 et
94 3430 222 3477 mortem
240 3423 372 3478 Neronis.
392 3423 437 3477 cf.
457 3423 502 3488 12,
520 3425 562 3478 ll.
582 3425 625 3478 bl.
644 3424 688 3478 59.
706 3423 751 3478 68.
772 3429 801 3476 et
818 3422 854 3476 ad
870 3424 897 3488 2,
916 3424 961 3485 ll,
980 3425 1007 3478 1.
1044 3419 1192 3489 Ceterum
1207 3418 1260 3472 elii

42 3503 242 3548 accusatorem
266 3493 353 3580 lupius
381 3493 460 3548 filiae
485 3501 514 3548 et
541 3493 631 3617 Ἕω
650 3491 763 3560 Sorani,
789 3493 842 3554 alii
859 3501 966 3548 testem
983 3491 1198 3578 falsumiuisse
1215 3490 1260 3544 di-

42 3573 122 3650 cunt·
140 3567 171 3621 P.
189 3563 349 3642 Egnatium
373 3564 507 3619 Celerem
535 3583 554 3637 p
602 3579 651 3618 oso
672 3563 744 3650 bum
771 3562 913 3631 Stosoum,
940 3563 1043 3618 Soram
1068 3562 1206 3618 clientem
1230 3566 1260 3616 et

41 3634 540 3774 cxsrc·1.tt.xt·rt..¹t
552 3635 795 3773 ott-..tlte
806 3635 1129 3762 tdt'tttixlt
1141 3651 1181 3758 ’l
1197 3637 1260 3758 ²133

41 3779 152 3850 sophus
169 3779 312 3856 Egnatius
332 3779 416 3833 Celer
433 3777 538 3832 Barcae
556 3778 661 3834 Sorani
678 3779 827 3861 magister,
853 3778 899 3846 qui
921 3777 1004 3844 ipsun
1031 3777 1104 3845 opud
1128 3776 1259 3830 Neroness
1352 3843 1355 3852 γ

41 3851 143 3904 detulit
162 3858 188 3904 et
207 3849 344 3904 domavit
362 3856 390 3903 et
406 3849 463 3918 ipse
478 3855 573 3917 postea
591 3849 639 3902 sub
662 3849 837 3917 Vespnssuno,
863 3849 948 3916 ipsum
965 3849 1095 3904 Musonio
1112 3848 1186 3913 Rufo
1213 3861 1259 3897 ac-

40 3928 166 3987 cusante,
185 3923 325 3976 donentur
343 3929 391 3977 est.
411 3953 444 3966 ·-
481 3919 589 3974 Detulit
610 3921 719 3976 Stoicus
741 3919 902 3987 Inpnatori
927 3919 1083 3987 discipulus
1106 3935 1179 3972 suuns
1197 3917 1257 3970 Ba·

41 3993 237 4059 recudimus,
268 3991 348 4062 quusi
369 3991 400 4046 in
423 3991 481 4045 eius
495 3992 643 4060 perniciem
661 4007 718 4044 cum
743 3991 842 4044 ceteris
858 3989 1033 4044 coniurasset.
1052 4023 1085 4034 -
1121 3989 1260 4055 Egnatius

38 4063 217 4132 philosophae
233 4063 319 4132 filiun
327 4063 437 4116 Bareas
445 4062 557 4129 Sorani,
575 4079 661 4132 quan,
679 4079 752 4131 quum
768 4061 856 4129 ipsius
873 4062 912 4115 ad
928 4061 1060 4125 magicum
1077 4059 1260 4114 descendisset

40 4137 164 4202 hortatu,
183 4133 237 4202 (ita
246 4134 363 4206 Lipsius
382 4135 511 4188 correxit
527 4134 663 4189 mendosa
681 4149 765 4202 quan,
784 4147 858 4202 quusn
874 4132 934 4202 ipse
951 4133 989 4185 od
1005 4132 1137 4198 magicam
1152 4131 1258 4183 descess-

39 4207 141 4274 dieset,
165 4205 302 4272 lsortotus)
325 4205 422 4259 detulit
444 4205 562 4260 Neronis
588 4207 622 4260 ob
646 4221 723 4278 quon
745 4219 799 4260 reso
822 4203 890 4258 ntors‘
912 4219 969 4256 eum
993 4211 1072 4272 patre
1088 4203 1165 4256 iussu
1184 4207 1223 4255 est
1240 4217 1260 4254 u

40 4279 161 4334 Nerone.
181 4309 214 4322 -
248 4276 369 4348 puellae,
398 4293 428 4334 r.
452 4277 489 4332 sd
515 4281 560 4344 ll,
583 4277 628 4344 bt,
655 4281 679 4334 1.
700 4307 732 4320 -
768 4277 977 4340 emtooerat,
1003 4275 1043 4332 ol.
1067 4274 1103 4330 ad
1127 4290 1189 4345 esp.
1216 4275 1257 4331 ll.
