2872 4786
404 259 406 270 ⁴
461 261 523 330 AD
547 264 723 330 ANNAL.
752 265 838 332 LIB.
859 265 887 334 Ι.
1066 317 1069 328 .
1224 273 1287 338 5115

60 451 136 491 num
152 394 340 504 publicarum
357 449 525 500 numerum,
543 433 713 510 pariterque
731 427 918 500 hactetenus
947 433 1013 488 nen*
1033 440 1132 492 temen
1159 443 1286 506 eatenus,

59 515 106 574 nt,
127 512 199 576 quot
224 506 406 576 quaestiones
425 513 533 571 essent,
551 504 673 560 totidem
685 508 850 571 Praetorem
868 508 959 570 (errat
976 505 1101 580 largiter
1113 507 1287 580 Pomponius

60 583 98 634 de
118 579 195 654 orig.
216 577 272 630 iur.
301 577 336 630 D.
362 581 387 632 1.
411 579 456 648 tit
476 581 500 634 2
521 580 572 648 qui
591 578 623 631 id
644 579 745 644 sensit,
778 579 846 648 quia
871 577 973 648 plures
998 595 1081 648 saepe
1105 581 1288 649 quaestiones

60 650 141 723 apud
165 648 290 703 eundem
314 650 479 702 Praetorem
507 651 650 704 exercitas
678 649 810 716 constat)
840 649 894 704 sed·
920 649 952 702 in
982 649 1153 703 universum
1178 651 1289 706 addidit
1369 690 1372 703 ,

60 723 143 776 duos.
176 721 222 774 lta
239 735 299 773 non
316 720 417 790 plures
436 727 502 773 octo
513 721 665 776 Praetores
684 719 718 774 nd
731 722 882 777 ciceronis
901 737 1027 788 aerum3,
1038 720 1124 790 idque
1144 739 1180 775 ex
1196 722 1288 778 variis

62 795 128 850 eius
148 791 268 864 scriptis
292 792 424 844 clarum:
461 807 520 844 non
546 791 658 858 decem,
692 799 726 846 ut
749 792 846 846 voluit
869 791 1103 849 Iurisconsultus.
1147 793 1289 864 oppressa

60 883 133 920 mox
150 881 212 936 rep.
232 861 266 918 C.
287 861 393 918 Caesar
411 862 540 916 dictator
556 866 670 934 primus
683 865 821 919 instituit
839 864 950 930 decem,
970 878 1027 936 quo
1044 863 1177 934 pluribus
1197 865 1289 920 bello-

60 955 130 992 rum
152 936 239 990 sociis
257 933 401 990 honorem
422 951 486 988 eum
506 937 733 1012 gratificaretur.
762 935 807 992 Cf,
827 934 883 990 Dio
902 937 945 999 to,
964 939 1007 992 dl.
1027 936 1080 1005 qui
1098 933 1289 1006 Pomponium

60 1007 180 1064 refellit
197 1007 341 1060 disertim.
378 1005 435 1062 Sed
453 1023 508 1059 nec
526 1008 558 1059 in
577 1023 610 1062 eo
628 1023 751 1062 numero
776 1009 857 1062 stetit
875 1007 991 1073 Caesar,
1018 1006 1189 1077 creavitque
1206 1007 1290 1061 bien·

61 1081 115 1134 nio
133 1087 201 1150 post
217 1079 289 1133 ΧΠ.
310 1079 475 1150 iterumque
493 1094 567 1132 anno
586 1087 652 1151 post
669 1078 741 1136 xvt.
760 1077 857 1150 idque,
876 1085 910 1142 ut
927 1076 983 1131 Dio
1003 1077 1080 1132 idem
1098 1081 1144 1144 48,
1162 1081 1206 1134 ts.
1234 1079 1289 1144 ait,

62 1154 96 1206 in
111 1151 221 1204 multos
238 1166 335 1205 annos.
354 1151 559 1228 AtAugustus,
570 1167 602 1205 re
613 1150 729 1223 publica
739 1149 904 1222 et'imperio
938 1151 1036 1218 otitus,
1047 1149 1161 1220 pariter
1173 1151 1290 1204 varium

62 1241 93 1278 se
112 1224 145 1276 in
162 1221 218 1276 hac
237 1225 382 1278 creatione
401 1223 500 1300 gessit.
538 1221 622 1277 Anno
641 1222 676 1276 U.
696 1225 756 1278 731.
782 1223 892 1274 minuit
910 1167 1114 1276 &assuritanum
1133 1237 1290 1276 numerum

61 1293 248 1363 retraxitque
268 1294 304 1347 ad
322 1293 431 1348 decem.
452 1312 478 1346 v.
493 1292 548 1348 Dio
562 1297 607 1360 53,
616 1297 660 1350 32
675 1301 704 1348 et
712 1291 842 1350 Velleius
861 1295 941 1357 2,89.
954 1293 1038 1348 Anno
1052 1293 1086 1346 U.
1098 1296 1158 1349 tot.
1178 1293 1292 1346 creavit
1385 1288 1388 1297 '
1428 1261 1429 1280 l

61 1367 138 1422 xvt.
157 1373 281 1436 propter
298 1366 414 1420 turbam
433 1366 675 1435 competitorum
694 1364 736 1418 ita
752 1371 850 1418 tamen
869 1361 922 1427 (nit
938 1363 995 1418 Dio
1007 1369 1053 1427 56,
1064 1363 1124 1431 et.)
1141 1371 1176 1418 ot
1192 1367 1291 1436 poste-

61 1437 192 1492 rioribus
220 1437 357 1509 deinceps
381 1436 484 1489 multis
509 1438 593 1492 annis
620 1437 684 1489 Xll.
713 1436 853 1492 duntaxat
878 1441 999 1489 crearet.
1043 1433 1139 1508 Atque
1165 1435 1223 1488 lice
1248 1441 1293 1488 est

63 1510 143 1581 quod
160 1507 212 1561 hic
229 1507 348 1562 Tacitus
375 1508 411 1562 de
439 1507 616 1564 duodenario
640 1523 760 1562 numero
788 1507 895 1560 tradito
919 1507 953 1560 ab
976 1505 1106 1584 Augusto
1131 1513 1291 1572 asseverem

61 1599 135 1635 rere
154 1589 183 1636 et
200 1589 292 1646 recte,
311 1581 336 1632 si
354 1579 496 1651 respicias
516 1580 654 1634 instituta
672 1581 733 1634 eius
753 1587 892 1633 extrema.
924 1579 999 1631 Nem
1018 1577 1053 1632 ad
1069 1579 1167 1649 prima
1184 1579 1293 1632 adiecit

62 1651 165 1706 oculos
192 1651 377 1724 Pomponius,
406 1653 459 1724 qui
476 1649 551 1704 XVI.
588 1652 739 1705 Praetores
763 1650 916 1704 constituit
946 1650 997 1703 sub
1021 1652 1168 1728 Augusto,
1206 1659 1236 1703 et
1261 1650 1294 1702 in

62 1731 198 1794 tempore
217 1723 319 1777 saltem
339 1731 427 1777 errat.
464 1721 503 1774 At
521 1723 599 1794 quod
617 1719 769 1776 Tiberium
794 1724 909 1780 iurasse
924 1720 1043 1776 Tacitus
1063 1723 1113 1782 ait,
1144 1737 1174 1774 ee
1198 1735 1294 1773 nume·

63 1811 130 1848 rum
147 1793 218 1850 ΧΗ.
239 1811 294 1849 non
313 1808 501 1860 excessurum,
531 1794 597 1864 quis
615 1793 750 1864 pontifex
766 1793 900 1865 periurio
919 1809 985 1848 eum
1004 1793 1118 1848 solvet?
1148 1794 1223 1846 Nam
1237 1808 1293 1868 ego
1348 1798 1351 1806 ’

62 1867 221 1920 manifesto
248 1866 400 1921 bominem
426 1873 511 1920 teneo
536 1881 573 1917 ex
596 1861 699 1932 Dionis
724 1866 900 1929 testimonie,
931 1865 982 1936 qui
1009 1867 1056 1930 50,
1082 1868 1128 1930 2⁰·
1156 1864 1294 1929 affirmat,

62 1939 216 1992 Tiberium
236 1957 260 1991 a.
279 1937 314 1991 U.
335 1940 394 1994 736.
414 1937 464 1990 XV
482 1935 633 1989 Praetores
654 1951 773 2002 creasse,
793 1933 939 2006 additque,
968 1935 1020 1990 boc
1037 1937 1070 1990 in
1092 1938 1188 2006 plores
1206 1951 1294 1988 annos

61 2013 178 2078 foetum,
197 2009 239 2062 s'ta
257 2017 288 2062 ut
306 2009 448 2064 interdum
465 2005 595 2072 sedecim,
615 2007 692 2060 alias
709 2023 763 2060 uno
777 2007 935 2078 duobusque
950 2008 1017 2074 ptos
1038 2015 1088 2062 out
1107 2009 1196 2061 minue
1213 2021 1294 2060 creo»

62 2087 175 2134 rentur.
212 2083 275 2136 lmo
303 2079 441 2136 Claudius
465 2077 538 2150 Imp.
563 2079 635 2133 alias
662 2077 735 2132 xlv.
764 2077 835 2132 alias
859 2075 968 2132 mul
985 2081 1113 2147 creavit;
1144 2075 1293 2133 interdum

64 2153 164 2206 medio
183 2151 263 2210 inter
280 2149 334 2207 hos
352 2167 486 2206 numero.
516 2149 561 2210 Cf.
580 2147 636 2204 Dio
654 2151 701 2218 bt),
721 2153 764 2208 111.
783 2145 846 2218 (De
865 2149 991 2205 Neronis
1010 2151 1148 2205 instituto
1170 2167 1199 2204 v.
1218 2149 1292 2204 Aen.

66 2229 111 2292 14,
138 2225 205 2298 Pb)

522 2384 555 2442 V.
592 2386 639 2440 cd
667 2383 744 2456 Cap.
773 2367 866 2440 XV.¹

140 2509 235 2566 lulius
261 2509 367 2565 Caesar
393 2509 438 2564 ius
463 2507 583 2563 creandi
608 2507 798 2586 magistratus
826 2523 886 2560 non
914 2513 1009 2561 totum
1033 2526 1049 2563 e
1075 2503 1185 2578 populo
1213 2505 1295 2572 tulit,

68 2583 159 2637 cruda
177 2582 271 2637 adhuc
289 2583 442 2644 servitute,
463 2577 511 2635 sed
530 2595 597 2634 cum
616 2595 649 2636 eo
669 2577 779 2631 divisit.
798 2593 826 2630 v.
845 2577 902 2631 Dio
920 2581 965 2640 43,
984 2581 1027 2632 47.
1048 2579 1079 2630 in
1098 2580 1170 2631 actis
1188 2595 1212 2632 e.
1233 2581 1295 2634 709.

67 2665 96 2710 et
110 2653 189 2710 Suet
204 2653 284 2708 Caes.
296 2671 321 2707 c.
332 2656 376 2709 tl.
395 2652 551 2717 deividos,
571 2649 745 2706 Consulibus
761 2647 902 2722 susceptis,
921 2648 952 2700 in
971 2653 1138 2701 ceterorum
1157 2648 1297 2726 suffr-agia

64 2725 188 2797 aequale
207 2727 252 2779 ius
272 2725 405 2795 Principi
428 2725 522 2778 luisse
549 2739 616 2777 cum
640 2721 736 2792 plebe.
773 2720 848 2774 Nam
866 2717 1007 2772 Consules
1033 2716 1163 2786 qudem,
1188 2721 1297 2774 summi

65 2799 188 2872 imperii
206 2797 277 2850 olim
297 2813 413 2862 nomeu,
434 2797 544 2868 etipse
564 2803 593 2849 et
611 2793 703 2848 secuti
717 2791 866 2862 Principes
885 2792 1077 2860 seposuerunt
1095 2791 1209 2842 senatui
1227 2791 1296 2844 sibi·

65 2889 133 2940 que.
176 2867 321 2948 Augustus
350 2865 454 2921 deinde
487 2867 664 2922 concliorum
691 2864 846 2935 pristinum
876 2861 923 2914 ius
946 2859 1061 2913 redusit
1090 2857 1169 2912 Suet.
1197 2873 1223 2912 o.
1251 2864 1295 2916 4ο.

65 2959 125 3014 quo
144 2939 210 3012 loco
226 2939 383 3008 pristinum
400 2939 446 2990 e'ua
471 2955 530 2992 non
555 2945 640 2992 vetus
660 2937 736 2990 illud
754 2935 878 3010 accipio,
911 2930 989 3002 quod
1014 2933 1131 3008 integra
1148 2929 1296 2997 libertate,

66 3013 117 3066 sed
135 3010 194 3064 hoo
212 3011 299 3077 idem,
319 3008 396 3082 quod
413 3027 430 3063 a
447 3018 532 3081 patre
547 3010 608 3064 eius
626 3007 704 3062 lulio
723 3007 900 3062 institutum.
927 3002 1085 3056 Pristinam
1102 3010 1200 3054 tamen
1219 3003 1308 3072 ideo,¹

66 3084 137 3156 quia
154 3081 303 3154 perbelle
323 3080 425 3135 civilia
444 3089 473 3135 et
492 3079 684 3150 impotentem
703 3078 937 3133 Triumuiratum
965 3073 1088 3128 abolitus
1108 3073 1296 3128 Caesarianus

65 3172 147 3220 mos3
166 3171 253 3225 quem
272 3153 390 3207 reduxit
409 3151 499 3238 longo
518 3150 678 3206 intervallo
697 3165 776 3204 nune
793 3149 948 3227 Augustus.
984 3145 1061 3199 Eum
1079 3143 1213 3200 Suetonii
1231 3163 1297 3200 sen·

67 3244 134 3281 sum
155 3229 235 3292 (nam
254 3227 430 3296 interpretes
450 3224 540 3278 silent
558 3231 607 3277 aut
625 3223 779 3284 vacillant)
798 3219 915 3274 adstruo
934 3235 970 3272 ex
987 3217 1082 3270 Dione
1099 3219 1144 3284 53,
1164 3219 1207 3272 21.
1243 3216 1297 3270 Po-

63 3300 151 3370 pulus
169 3303 261 3350 cutem
279 3298 318 3349 ad
336 3295 453 3348 canutio
471 3297 577 3348 iterum
593 3293 788 3358 conueniebot3
821 3292 876 3344 atei
899 3287 971 3344 ntbt'l
994 3295 1087 3343 tumn
1104 3289 1198 3353 fiebat,
1223 3288 1297 3358 quod

66 3369 198 3436 Augusto
218 3368 394 3437 displiceret.
431 3365 506 3420 Num
533 3373 560 3418 et
585 3367 648 3436 ipse
666 3365 799 3436 quosdam
821 3365 933 3430 futuros
949 3361 1142 3430 magistrumn
1161 3359 1297 3428 ‹teotgau-

66 3443 133 3506 dat,
168 3440 242 3493 alica
266 3440 370 3508 populo
393 3444 420 3492 et
439 3438 584 3492 conventui
608 3455 642 3491 ex
666 3453 743 3493 more
766 3435 862 3506 prisco
886 3433 1032 3501 eligendos
1053 3432 1238 3502 pmnittenss
1265 3431 1298 3484 s'd
1403 3469 1406 3478 .

66 3511 152 3565 modo
171 3513 288 3566 curabat
307 3527 341 3564 ne
361 3509 409 3582 qui
426 3509 554 3580 indigni,
574 3525 639 3562 neve
653 3525 707 3579 per
725 3507 860 3562 coitiones
882 3511 931 3558 aut
956 3505 1092 3558 ambitum
1111 3503 1297 3572 designaren-

69 3591 129 3637 tur.
166 3583 288 3656 Aliquid
306 3591 404 3636 tamen
422 3577 502 3652 plebi
522 3582 610 3635 etiam
637 3596 704 3633 cum
730 3580 884 3634 consulum
904 3578 1031 3630 comitiis
1048 3575 1150 3642 fuisse,
1178 3571 1298 3628 ridetur

69 3655 176 3732 colligi
195 3673 230 3710 ex
247 3653 340 3722 Dione
358 3655 403 3719 54,
422 3655 447 3709 6.
478 3656 510 3708 in
528 3651 602 3706 actis
620 3651 690 3706 anni
715 3654 776 3708 tet.
805 3651 863 3713 (Gi,
883 3657 980 3702 tamen
1003 3647 1071 3703 Tac.
1096 3647 1172 3700 Ann.
1193 3651 1219 3709 1,
1239 3645 1296 3711 81.)

66 3727 208 3782 Tiberius
234 3727 360 3800 primus,
395 3725 501 3777 animis
521 3723 680 3790 Quiritium
704 3721 808 3777 fractis
832 3723 889 3774 iem
915 3727 944 3773 et
971 3721 1006 3773 ad
1026 3719 1180 3773 servitium
1199 3717 1296 3782 factis,

70 3801 116 3852 ius
136 3815 223 3852 omne
242 3797 298 3850 sibi
317 3804 347 3850 et
365 3796 477 3850 senatui
496 3795 631 3865 sumpsit,
659 3793 764 3866 populi
788 3791 871 3846 nullo
900 3790 975 3848 lcoo.
1013 3789 1094 3858 Quod
1112 3789 1231 3843 Tacitus
1249 3786 1297 3842 his

69 3869 171 3924 verbis
190 3869 295 3934 voluit,
323 3867 436 3920 comitia
461 3881 592 3936 erumpo
616 3866 655 3918 ad
672 3865 774 3920 Patres
799 3865 949 3920 translatu.
986 3860 1043 3916 Sed
1070 3863 1101 3914 in
1121 3857 1296 3915 Consulibus

69 3941 143 4012 quid
162 3943 229 4000 eius,
246 3956 316 3994 aevo
343 3941 445 4004 luerit,
475 3937 593 3992 Tacitus
618 3939 680 4007 ipse
705 3935 788 3989 effari
812 3950 871 3988 non
894 3941 991 4006 potest
1014 3934 1072 3985 fine
1093 3929 1182 4002 buius
1206 3927 1296 3996 libri,

42 4007 44 4014 ’
93 4017 170 4065 otest
196 4010 252 4065 Dio
272 4011 291 4064 l.
311 4013 356 4076 te,
375 4013 419 4067 28.
448 4011 499 4080 qui
524 4009 641 4064 videtur
664 4024 780 4066 omnem
813 4007 965 4060 consulum
989 4003 1237 4057 renuntiationem
1261 4001 1297 4058 ad

69 4031 225 4138 Tiberium
252 4085 376 4146 referre,
404 4081 531 4134 aliorum
566 4079 789 4153 magistratuum
813 4077 848 4129 ed
872 4084 1012 4142 senatum,
1045 4072 1253 4126 oonimendatis
1280 4089 1297 4125 a

71 4157 209 4228 Principe
226 4151 386 4207 candidatis
412 4153 477 4206 sins
503 4150 619 4222 repulsa
646 4159 675 4204 et
693 4149 805 4205 ambitu
824 4147 990 4217 (petitione)
1015 4145 1212 4221 designandis:
1228 4141 1295 4196 Tae.

70 4229 148 4282 Anu.
170 4233 195 4295 1,
218 4229 259 4280 15.
294 4225 343 4280 Ex
364 4240 398 4278 eo
423 4231 556 4294 tempore
579 4239 684 4292 expers
704 4219 915 4302 suffragiorum
938 4217 1073 4288 populus,
1101 4217 1193 4270 donec
1212 4213 1296 4269 catto

71 4299 199 4366 terucos't,
215 4297 399 4350 comitiorum
423 4311 501 4349 more
525 4299 662 4356 reuocato,
689 4295 831 4360 androgeo
846 4289 1093 4362 populoroddere,
1120 4289 1163 4340 ait
1180 4283 1295 4338 sueton.

70 4389 96 4426 c.
117 4373 161 4428 lt
178 4370 296 4424 scilicet
313 4363 428 4422 Tiberii
446 4366 582 4422 instituto
601 4367 717 4432 omma,
736 4361 861 4438 tuguri
881 4369 1051 4496 τονοωζὲε*
1067 4357 1117 4426 sad
1142 4357 1220 4428 idem
1243 4353 1298 4424 illp
