2854 4788
173 233 319 302 carot·
338 235 516 304 xxxvtt
538 235 732 306 mvm„
754 237 807 321 (Δ.
820 235 941 310 ΜΠ.
963 241 1004 310 Δ.
1019 239 1055 310 0.
1067 241 1137 326 bd.)
1207 244 1271 316 m

437 439 503 500 ΘΑ
521 439 586 498 1³11
603 439 629 498 Τ
681 441 883 504 xxxvtu.

134 549 296 634 Sequitur
322 548 441 630 clades,
475 556 564 615 forte
595 570 637 614 an
668 549 746 614 dolo
777 552 944 640 Principia
965 557 1145 638 incertum,
1177 555 1270 636 (nam

57 643 234 718 utrumque
253 642 407 699 auctores
421 633 617 718 prodidere)
637 633 695 698 sed
717 636 881 717 omnibus,
903 657 989 720 quae
1009 640 1089 704 hnic
1109 640 1189 704 urbi
1207 659 1270 724 per

55 719 249 782 violentiam
268 717 398 806 ignium
418 717 623 798 acciderunt,
644 721 784 806 gravior
804 726 903 803 atque
926 725 1083 791 atrocior.
1132 723 1270 788 Initium

56 805 87 864 in
117 822 159 864 ea
190 809 287 885 parte
309 799 400 864 Circi
431 810 558 880 ortum,
592 821 677 884 quae
698 802 861 876 ¹Palatino
893 801 1071 888 Caelioque
1101 807 1270 870 montibus

56 887 144 948 conti
192 905 212 948 a
235 894 301 962 ests
321 885 381 949 ubi
402 903 463 972 per
484 884 651 962 tabernas,
673 886 793 968 quibus
815 887 851 950 id
871 890 1127 967 mercimonium
1148 892 1271 970 iuerat,

56 989 116 1051 quo
177 987 284 1031 amma
314 969 432 1048 alitur,
463 969 564 1031 simul
596 976 732 1052 coeptus
763 971 852 1058 ignis
882 979 918 1038 et
945 973 1059 1036 statim
1079 973 1212 1038 validus
1232 991 1271 1034 ac

55 1060 153 1116 vento
183 1053 269 1134 citus
297 1049 541 1138 longitudinem
567 1048 661 1114 Circi
689 1055 881 1135 corripuite
909 1073 1015 1140 neque
1042 1056 1132 1120 enim
1151 1054 1271 1120 domus

55 1135 267 1198 munimentis
288 1147 400 1218 septae
426 1135 482 1198 vel
502 1135 629 1219 templa
648 1137 754 1198 muris
776 1138 885 1199 cincta
906 1137 1066 1223 aut'qnid
1086 1137 1178 1203 aliud
1199 1157 1270 1202 mo-

56 1239 107 1282 rae
130 1219 361 1284 interiacebat.
404 1217 536 1302 impetu
556 1227 777 1306 pervagatum
791 1217 984 1286 incendium
998 1224 1097 1307 plana
1109 1225 1289 1306 primum„
1321 1236 1326 1244 ·

55 1300 174 1364 deinde
193 1303 231 1364 in
251 1299 342 1366 edita
361 1321 539 1387 assurgens
561 1309 596 1364 et
616 1321 737 1364 rursus
759 1303 923 1366 inferiora
944 1304 1135 1388 populando
1152 1306 1272 1370 anteiit

55 1385 200 1450 remedia
220 1387 399 1450 velocitate
417 1385 498 1448 mali
524 1391 559 1448 et
586 1384 730 1450 obnoxia
750 1385 835 1450 urbe
855 1389 957 1452 arctis
983 1389 1162 1455 itineribus
1191 1390 1272 1453 huc·

55 1489 113 1552 que
134 1477 171 1534 et
197 1469 278 1535 illuc
306 1472 401 1534 flexis
433 1475 532 1551 atque
564 1467 760 1532 enormibus
779 1470 876 1549 vicis,
907 1471 1015 1556 qualis
1042 1481 1139 1535 vetus
1166 1471 1272 1535 Roma

55 1556 125 1617 init
169 1550 222 1616 Ad
242 1553 306 1616 hoc
327 1555 469 1616 lamenta
491 1553 685 1634 paventium
705 1553 918 1632 feminarum,
945 1557 1031 1618 fessa
1052 1550 1190 1636 [aetate]
1213 1564 1272 1618 aut

56 1636 145 1700 rudis
167 1638 334 1719 pueritiae
354 1646 455 1715 aetas,
476 1637 597 1718 quique
618 1635 682 1698 sibi
703 1637 824 1719 quique
843 1637 921 1701 aliis
937 1638 1168 1717 consulebant,
1190 1635 1271 1701 dum

54 1721 190 1784 trahunt
212 1718 379 1785 invalidos
401 1729 459 1782 aut
484 1719 720 1804 opperiuntur,
756 1738 836 1800 pars
864 1739 971 1799 mora,
1000 1739 1078 1804 pars
1110 1723 1271 1786 festinans

55 1813 171 1868 cuncta
190 1802 432 1886 impediebant:
453 1809 488 1864 et
509 1820 618 1885 saepe,
640 1800 720 1864 dum
740 1803 775 1864 in
797 1810 932 1890 tergum
954 1811 1156 1887 respectant,
1188 1803 1270 1868 late-

54 1889 143 1955 ribus
164 1895 224 1960 ant
244 1890 357 1952 moute
381 1885 746 1966 circumveniebantur,
778 1885 844 1966 vel,
875 1887 906 1948 si
925 1889 962 1948 iu
983 1889 1138 1970 proxima
1159 1907 1271 1951 evaso·

54 1981 139 2053 rant,
166 1973 234 2036 itlis
255 1990 384 2056 quoque
405 1970 477 2057 igni
497 1970 677 2052 correptis,
710 1969 822 2048 etiam,
855 1989 938 2053 quae
958 1970 1141 2118 longion
1161 1969 1271 2034 credi-

53 2055 179 2136 derant,
202 2053 375 2120 incudem
396 2073 475 2116 casu
495 2052 764 2138 reperiebantur.
806 2053 992 2136 Postremo,
1014 2058 1072 2140 qui
1108 2057 1270 2136 vitarent,

53 2139 128 2224 quid
150 2148 304 2225 peterent
325 2137 484 2226 ambigui,
508 2137 677 2282 complere
694 2139 778 2220 vias,
800 2140 907 2200 sterni
920 2157 982 2220 per
995 2155 1113 2228 agrum
1136 2136 1271 2226 quidam

51 2227 179 2288 ambsb
207 2223 359 2288 omnibus
388 2223 547 2300 fortunis,
603 2221 696 2283 iurni
726 2240 857 2306 quoque
883 2223 1009 2302 victus,
1041 2223 1101 2288 alii
1128 2223 1270 2286 caritate

51 2329 206 2387 suorum,
238 2327 319 2391 quos
349 2307 484 2390 eripere
515 2305 752 2388 nequiverant,
785 2307 935 2388 quamvis
965 2313 1102 2390 patente
1133 2308 1272 2395 effugio,

51 2394 218 2457 interiere.
261 2389 333 2452 Nec
354 2391 526 2474 quisquam
547 2384 728 2452 defendere
748 2389 903 2467 audebat,
935 2389 1064 2453 crebris
1084 2391 1271 2454 multorum

52 2475 382 2561 minis·restinguere
403 2471 666 2556 prohibentium,
698 2480 733 2534 et
753 2473 831 2556 quia
851 2472 910 2536 alii
931 2473 1041 2555 palam
1061 2476 1149 2537 taces
1168 2475 1270 2537 iacie-

52 2560 128 2622 bant
150 2567 249 2642 atque
269 2557 333 2620 sibi
362 2575 434 2618 esse
461 2561 635 2618 auctorem
663 2554 950 2635 vociferabantur,
986 2559 1058 2620 sive
1084 2567 1124 2620 ut
1152 2563 1269 2642 raptus

50 2645 204 2706 licentius
225 2647 430 2719 exercerent,
451 2658 512 2701 seu
531 2639 634 2702 iussu.

115 2767 143 2819 1.
161 2761 265 2828 dadae,
291 2766 325 2813 ut
350 2757 438 2831 paulo
463 2763 532 2827 post
547 2755 652 2810 mum
671 2752 829 2820 (mlocitcte
843 2755 929 2826 muts)
953 2765 984 2814 et
1001 2757 1039 2812 ai.
1058 2757 1146 2826 hbes,
1167 2757 1268 2829 partie,

49 2836 192 2904 pes-aidau,
219 2835 300 2902 λύμη,
322 2833 424 2901 λοιμός,
451 2825 654 2901 dissipauit-1.
681 2828 860 2884 incendium.
898 2861 933 2876 -
961 2835 1110 2900 utrumque
1136 2836 1270 2886 auctores

48 2909 209 2976 prodidere,
226 2905 373 2976 posterius
412 2917 484 2956 aene
501 2915 611 2967 omues,
629 2899 863 2972 saltem,1ipbil.
881 2905 926 2968 62,
946 2905 1078 2960 16-18.
1096 2899 1177 2955 Suet.
1195 2903 1267 2960 Ner.
1365 2925 1381 2958 o

50 2995 72 3030 c.
89 2983 132 3037 38.
153 2980 236 3034 Oros.
255 2977 283 3040 ⁷,
301 2975 329 3028 7.
349 2918 431 3044 snfp.
450 2971 576 3026 Severus
592 2970 665 3026 bist.
686 2989 766 3027 sacra
783 2977 811 3040 2,
829 2975 875 3030 29.
903 3005 938 3018 ·-
962 2973 1013 3026 red
1037 2973 1165 3026 omnibu
1188 2972 1267 3032 MSS.

49 3049 125 3106 flor.
153 3051 243 3116 (teste
259 3043 352 3112 Vict.)
377 3044 476 3100 Gueli.
500 3042 563 3099 edd.
589 3041 667 3114 Spir.
694 3042 786 3098 Rheu-
805 3046 833 3100 2.
851 3047 878 3101 3.
898 3061 961 3116 sqq·
991 3045 1044 3099 red
1065 3045 1206 3099 omissum
1235 3046 1269 3100 iu

49 3123 107 3176 edd.
128 3123 192 3176 rut.
211 3124 237 3177 1.
256 3122 284 3175 2
302 3116 367 3174 Ber.
387 3115 480 3171 Rham
500 3119 526 3170 1.
545 3145 579 3158 -
598 3115 734 3182 masau,
754 3129 825 3185 qous
843 3113 907 3170 tate
924 3114 990 3170 arde·
1003 3131 1058 3184 prr
1073 3131 1098 3170 α.
1117 3116 1137 3168 i
1157 3115 1268 3172 cedda

49 3201 123 3260 nat,
141 3191 236 3248 variis
254 3182 442 3261 temporibus.
463 3186 509 3243 cf.
527 3187 592 3244 niv.
611 3187 639 3254 ὅ,
657 3190 701 3243 41.
720 3189 766 3252 24,
784 3191 828 3244 tt.
847 3189 894 3254 ab,
912 3189 956 3244 27.
975 3191 1022 3253 85,
1040 3189 1085 3243 40.
1104 3184 1170 3244 Teo.
1190 3187 1266 3242 Anu.

47 3267 73 3328 t,
89 3269 135 3323 et.
153 3267 183 3330 6,
202 3263 249 3318 ti.
266 3261 319 3314 ubi
341 3277 371 3314 r.
390 3267 460 3313 nuta
478 3262 505 3314 1.
538 3273 595 3326 per
619 3257 784 3312 uiolentiam
805 3259 917 3326 ignium
942 3257 1119 3325 occiduum
1144 3259 1268 3325 grauior

47 3343 130 3408 utque
156 3335 284 3388 atrodor
306 3330 369 3388 edd.
394 3333 460 3384 Ber.
484 3326 532 3396 (ad
549 3345 636 3400 quarn
655 3329 739 3385 siluit
755 3329 849 3398 vict.)
872 3328 962 3384 uum
981 3335 1009 3386 l.
1027 3333 1056 3386 2
1074 3334 1101 3386 3.
1121 3347 1185 3400 sqq.
1215 3347 1268 3400 per

46 3407 112 3462 ciet.
137 3405 302 3460 accs'deruat
328 3401 441 3473 igaee'um
462 3399 583 3470 grauior
606 3417 634 3457 a.
652 3419 681 3456 α.
704 3399 749 3456 sd.
774 3399 852 3474 spir.
880 3399 1000 3470 giwius
1030 3407 1113 3472 atqve
1142 3402 1268 3456 atrociae

47 3477 123 3534 MSS.
142 3477 214 3532 una
234 3475 332 3532 cusu.
352 3474 417 3530 edd.
436 3473 499 3527 rut.
519 3478 543 3529 1.
562 3476 588 3530 Ἃ.
618 3505 651 3518 -
669 3472 703 3527 s'n
720 3487 755 3526 eu
768 3479 853 3542 purte
876 3471 952 3528 es'rd
967 3473 1099 3535 maxiani,
1125 3488 1195 3544 quae
1212 3473 1268 3528 Pu·

46 3552 137 3605 tuta'no
154 3549 305 3620 Caelioque
322 3547 461 3600 mutibus
479 3546 613 3613 contiguo
631 3551 683 3608 eet,
701 3543 759 3598 ubi,
768 3544 926 3600 Velabrum
945 3551 1024 3612 erat3
1049 3545 1131 3601 Brut.
1166 3546 1211 3600 cf.
1230 3545 1267 3600 de

45 3624 125 3677 circo
142 3621 272 3675 maximo
291 3621 323 3673 iu
339 3617 419 3672 valle
436 3617 548 3671 Murcia
565 3617 645 3672 iuter
661 3616 843 3672 Aventinum
871 3625 901 3672 et
919 3612 1082 3670 Palatinum
1105 3624 1219 3672 montes
1236 3619 1265 3681 2,

45 3696 88 3750 49.
108 3697 138 3760 6,
155 3695 199 3750 46.
219 3693 284 3746 biv.
305 3696 331 3756 l,
349 3691 394 3746 35.
412 3688 534 3758 Dionys.
553 3687 617 3746 Hal.
637 3691 665 3754 3,
682 3689 727 3744 68.
747 3686 827 3746 Suet.
857 3688 891 3742 iu
909 3685 989 3742 Ores.
1008 3691 1054 3744 39.
1079 3687 1113 3740 iu
1135 3687 1218 3743 Dum.
1237 3690 1264 3743 ὖ.

44 3763 151 3820 bachae
169 3761 277 3820 Gescb.
296 3763 323 3818 d.
342 3761 393 3816 alt.
412 3760 454 3814 St.
472 3759 555 3814 Rom.
574 3759 609 3812 T.
629 3758 653 3816 1.
689 3757 832 3831 „Lipsius
854 3757 975 3814 videbis
997 3759 1130 3813 tauma·
1153 3757 1265 3812 iutelli-

45 3853 113 3912 gere
132 3843 217 3890 extra
235 3835 349 3889 οἰιααια
366 3833 398 3886 iu
416 3831 532 3886 Tbusco
551 3839 582 3886 et
598 3829 746 3886 'l'burario
769 3833 837 3886 vico
862 3837 892 3884 et
909 3829 1096 3916 inffelsbru,
1119 3830 1171 3914 ubi
1189 3828 1266 3916 oleri

45 3921 371 4052 ,sa
384 3898 1267 4054 ‘bustam

46 4052 186 4117 ammae,
205 4048 306 4120 quibus
323 4047 356 4102 id
371 4047 583 4102 mercimonium
600 4045 663 4112 (eae
680 4044 805 4110 marces)
830 4045 932 4111 iuerat,
956 4059 1009 4113 quo
1034 4044 1146 4107 nummu
1165 4043 1268 4096 datar.

39 4113 161 4182 Ἐἒαθιν
176 4125 242 4194 περὶ
257 4122 308 4174 τὸν
324 4117 506 4194 ἱππόδρομον
529 4115 608 4189 ἑτέρα
629 4118 698 4172 orob
722 4119 899 4186 μονόστεγος,
926 4111 1088 4187 ἐργαστήρια
1114 4114 1219 4184 ἔχουσα
1237 4111 1267 4167 tv

45 4193 111 4263 uae
136 4197 182 4248 ..ι
204 4193 323 4264 orama
344 4191 414 4264 cuo
436 4190 505 4246 aava
527 4190 651 4261 Dionys.
677 4187 743 4242 snt
767 4191 795 4254 a,
819 4187 885 4246 aas
908 4187 978 4241 um.
1005 4187 1051 4242 cr.
1079 4171 1186 4268 stet„
1203 4184 1224 4239 1.
1245 4185 1265 4241 ι.

45 4263 115 4319 Rom
139 4265 202 4319 und
224 4265 343 4320 hstium
364 4279 424 4318 ron
450 4263 562 4317 burton
588 4261 649 4316 und
666 4259 786 4315 Sickler
802 4258 837 4316 T.
857 4259 880 4312 1·
899 4275 929 4329 p.
947 4258 1011 4314 317.
1049 4257 1207 4340 Coeleopus,
1235 4271 1264 4309 v.

46 4333 78 4392 ad
95 4339 126 4404 4,
143 4339 189 4405 dd,
205 4337 234 4395 2.
254 4365 288 4378 -
305 4339 420 4408 coeptus
435 4333 527 4406 ignis,
545 4335 587 4388 ci.
604 4332 642 4390 ad
658 4336 686 4402 1,
703 4333 755 4432 bi,
770 4334 795 4389 1.
817 4357 848 4372 -
867 4335 947 4386 vaco
964 4327 1048 4396 citare,
1075 4334 1111 4382 ut
1126 4333 1203 4384 estur
1220 4343 1266 4382 re·
