2800 4790
227 213 372 304 csruu
392 162 502 279 nvn.
550 212 604 295 (ι.
627 213 669 278 u.
692 215 765 282 eu.
806 214 848 279 ι.
871 213 908 280 c.
929 137 999 294 se.)
1161 218 1225 284 ιιι

20 387 98 472 gionc
130 381 244 461 insite,
281 401 339 445 eos
373 383 516 444 menime
541 381 646 466 iocos,
664 383 787 466 propin
810 401 895 446 nare
922 384 1016 446 coslo
1044 400 1227 468 procosque

20 466 195 531 mortalium
224 485 244 528 u
272 463 343 530 deis
371 484 538 549 nusquam*
570 467 711 550 propius
746 403 877 529 audiri:
909 465 988 529 inde
1015 465 1224 556 indulgpntiu

21 551 177 612 numinum
197 547 257 611 iiio
279 550 315 610 in
336 566 432 610 umus
460 549 597 630 illisque
620 550 712 616 silvis
734 549 836 612 selem
856 551 1050 632 provenire,
1077 569 1156 630 non,
1184 555 1224 613 ut

22 635 80 695 diss
102 631 195 716 epud
216 642 342 717 gentes,
364 631 474 694 eluvie
495 634 597 696 moris
625 640 797 696 arescente
824 630 926 710 unda,
955 631 1013 696 scd
1039 653 1141 715 super
1169 654 1223 695 er-

21 716 132 778 dentem
154 715 318 780 orbcrum
338 722 465 779 struem
486 717 569 792 fusa,
592 735 632 779 ex
653 715 833 779 contrariis
861 717 951 778 inter
978 737 1014 778 sc
1040 715 1231 794 elementis,

22 801 78 883 igne
106 807 212 880 utque
240 799 345 880 cquis,
379 805 583 862 concretum.
626 797 693 862 Sed
720 799 843 861 bellum
863 797 1115 862 Hermunduris
1146 819 1225 884 pro-

21 901 148 962 sperum,
183 879 311 944 Chattis
338 883 511 944 exitiosius
537 883 615 960 fuit,
644 884 722 966 quie
749 884 897 946 victores
925 882 1091 946 diversam
1118 884 1224 944 aciem
1298 955 1303 966 .

20 965 107 1026 iderti
128 981 170 1027 nc
189 963 366 1028 Mercurio
388 983 575 1042 sacravere,
597 985 663 1048 quo
684 975 764 1030 voto
786 966 871 1050 equi,
892 967 974 1044 viri,
995 973 1115 1028 cuncte
1134 969 1227 1028 victu

20 1046 171 1110 occidioni
190 1045 325 1110 dantur.
359 1047 402 1108 Et
422 1049 532 1110 minoe
554 1045 689 1130 quidem
710 1048 849 1112 hostiles
869 1051 905 1112 in
927 1050 1015 1131 ipsos
1038 1048 1223 1113 vertebant.

18 1129 67 1191 Sed
94 1133 214 1194 civitas
241 1129 408 1192 Ubiorum
437 1133 526 1193 socia
555 1131 652 1196 nobis
677 1133 766 1194 malo
793 1134 978 1216 improviso
1005 1132 1127 1196 efflicte
1157 1141 1223 1196 est:

19 1233 77 1274 nem
105 1217 200 1302 ignes
227 1223 321 1276 torre
346 1213 431 1277 editi
459 1214 569 1293 uillas,
600 1235 699 1293 arva,
727 1216 819 1278 vicos
847 1207 969 1298 possis'n
997 1216 1226 1298 corripiebant

17 1297 262 1380 ferebanturque
282 1297 318 1359 in
339 1297 411 1379 ipss
438 1295 593 1360 conditus
623 1316 732 1382 nuper
759 1299 910 1362 coloniae
936 1302 1086 1374 moenia3
1119 1317 1226 1380 nequo

18 1381 176 1466 exstingui
192 1388 361 1462 poterant,
382 1399 450 1441 non
472 1383 500 1442 si
519 1380 652 1460 ‘imbres
680 1379 848 1460 caderent,
876 1401 943 1442 non
973 1384 1005 1442 si
1031 1377 1226 1444 fluvialibus

18 1465 94 1542 aquis
116 1469 177 1523 aut
197 1483 262 1544 quo
285 1463 352 1524 aiio
374 1461 527 1540 humore,
549 1462 654 1524 donec
680 1464 737 1526 ino
762 1465 795 1525 ia
816 1463 958 1526 remedii
987 1472 1021 1526 et
1047 1466 1100 1526 ira
1121 1461 1226 1526 cledis

16 1551 151 1628 agrestes
172 1543 307 1626 quidam
329 1545 457 1608 eminus
484 1565 561 1606 sexa
580 1547 703 1624 iacere,
731 1484 809 1608 (1515
831 1544 1056 1609 residentibus
1083 1532 1226 1606 flammis

17 1630 143 1708 propius
164 1628 335 1714 suggressi
354 1628 426 1691 ictu
447 1629 594 1690 fustium¹
607 1629 745 1711 aliisque
769 1627 971 1692 verberibus
991 1635 1031 1689 ut
1051 1629 1138 1691 feros
1152 1629 1227 1690 ebs-

16 1711 194 1774 terrsbants
226 1718 396 1793 postremo
425 1712 572 1797 tegmine
593 1713 731 1793 corpori
753 1709 891 1794 derepta
912 1712 1079 1788 iniiciunt,
1101 1717 1226 1792 quanto

16 1795 107 1881 uagis
121 1796 272 1876 prossus
292 1801 329 1856 et
347 1815 412 1859 usu
432 1793 572 1876 polluta,
592 1801 687 1856 tento
708 1795 814 1880 magis
835 1811 1038 1878 oppressura
1058 1795 1162 1880 ignes.

75 1942 101 1994 1.
128 1937 346 1994 nemausum
371 1934 560 2012 cineresque,
594 1957 622 1993 v.
648 1939 684 1994 sd
707 1937 742 1994 G.
766 1941 812 1997 3⁰.
838 1957 869 1994 n.
889 1943 914 1995 1.
941 1944 970 1994 et
1001 1955 1033 1992 ce
1055 1939 1125 1996 .⁴1.
1151 1956 1180 2000 ιι.
1199 1937 1250 1996 2.“

16 2007 165 2080 mitiusque
182 2018 213 2065 et
230 2012 309 2064 isira
326 2007 434 2065 cottds's
451 2011 530 2068 MSS.
550 2011 631 2076 Elor.
649 2009 737 2076 (teste
755 2011 856 2078 Furio)
874 2011 971 2065 Guelf.
990 1955 1054 2066 555.)
1073 2007 1136 2064 Put.
1157 2014 1183 2076 1,
1199 2011 1227 2066 2.

15 2079 160 2150 onusque
178 2081 223 2138 ed.
243 2081 323 2152 Spin.
343 2083 497 2152 castosque
515 2083 579 2138 edd.
598 2081 663 2138 Ber.
681 2081 775 2138 Rhcu.
796 2089 822 2142 1.
842 2087 869 2139 2.
888 2085 907 2138 3
924 2099 986 2152 sqq.
996 2089 1124 2152 prester
1132 2079 1227 2136 Bekk.

15 2151 169 2217 siKiessL,
188 2151 343 2222 inquibus
363 2152 542 2224 Chattosque.
569 2185 604 2197 -
632 2159 773 2208 certatum
795 2169 901 2224 magno
923 2153 1034 2222 proelio
1061 2153 1097 2207 ds
1115 2152 1227 2218 salinis,
1255 2205 1261 2212 ,

14 2231 41 2272 ut
57 2225 125 2277 olim
142 2223 179 2278 sb
197 2224 358 2280 Auuriutis
378 2225 568 2290 usdrusteis,
588 2226 629 2292 (v.
648 2223 743 2284 Strsb.
762 2226 825 2281 vll.
844 2243 873 2310 p.
892 2222 967 2288 317.)
986 2225 1137 2296 tribusque
1147 2221 1227 2278 Ssec.

13 2302 70 2362 post
94 2297 127 2350 ub
150 2293 324 2350 Alemannis
349 2303 379 2350 et
401 2296 598 2372 Burgundiis,
624 2305 781 2368 postquem
804 2297 853 2350 ilh
880 2295 1164 2362 Hermundurorum,
1195 2294 1229 2350 hi

14 2363 177 2422 Chattcim
197 2367 279 2422 sedes
298 2377 520 2438 occupaverunt,
540 2368 580 2436 (v.
599 2365 744 2424 Ammian-
763 2372 809 2434 18,
827 2371 854 2432 2,
874 2370 917 2424 15.
938 2370 983 2433 28,
1001 2367 1101 2434 5,11.)
1119 2367 1229 2431 oddu·
1307 2413 1311 2420 .

13 2454 66 2490 uss
82 2439 231 2508 &gustede
249 2437 310 2492 sale
332 2439 490 2506 secundum,
514 2439 551 2493 sd
574 2437 680 2506 Salem,
706 2447 736 2495 et
800 2439 876 2494 'dem
899 2438 949 2493 vel
971 2438 1154 2504 Saxonicum,
1178 2438 1229 2492 ubi

13 2526 81 2562 nunc
98 2511 223 2576 Koesen,
246 2509 330 2577 Hele,
357 2508 444 2564 sulm
462 2518 492 2566 et
509 2527 593 2564 mons
612 2509 699 2577 Solis,
723 2458 1002 2578 horsonnsudsrg,
1031 2509 1138 2580 (quisi
1161 2509 1229 2562 nidi·

14 2583 66 2632 csri
83 2580 219 2636 creditur
234 2579 333 2635 verbis
350 2579 447 2636 Taciti
465 2598 514 2636 sos
530 2581 653 2634 maxime
672 2581 747 2636 decos
762 2581 959 2652 propinquare
967 2581 1058 2644 cosio)
1078 2581 1127 2634 vei
1137 2529 1229 2634 fran-

13 2653 143 2718 conicam,
163 2669 226 2707 ncn
243 2651 331 2740 longe
349 2653 521 2730 sKissings,
539 2653 590 2706 ubi
609 2653 699 2709 etiam
716 2669 796 2710 nuuc
813 2653 1006 2724 reperiuntur
1024 2661 1090 2710 tum
1108 2651 1228 2718 salinae,

14 2733 67 2776 tum
84 2725 176 2780 inuiti
193 2721 302 2778 mmuh
320 2726 352 2778 in
370 2741 455 2801 pugo,
474 2726 526 2796 qui
544 2724 612 2778 iude
629 2723 727 2778 dictus
749 2725 868 2780 videtur
886 2721 1002 2777 Grabf
1007 2721 1081 2788 old,
1108 2721 1230 2792 Γραύϊον

8 2787 91 2862 'Aper
107 2795 185 2850 Ptol.
204 2799 234 2858 2,
254 2799 296 2850 ll.
334 2795 413 2850 Illud
432 2795 647 2852 contenderunt
663 2796 787 2868 Lepsios
815 2796 875 2859 (die
893 2795 1009 2850 Ruiuen
1035 2794 1088 2848 dor
1106 2792 1229 2846 Rudels·

11 2865 80 2944 burg
96 2867 160 2922 und
178 2867 230 2922 des
247 2865 396 2921 Scblosses
415 2865 548 2932 Ssulsck,
566 2867 689 2922 Naumb.
710 2866 802 2934 1824.)
828 2875 858 2922 et
874 2865 1071 2931 Reicburdus3
1094 2865 1230 2931 (Germe-

12 2937 71 2992 nien
94 2948 187 2994 untes
208 2939 265 2994 den
289 2937 418 2992 Rbmern
463 2941 532 2995 .33.
552 2941 613 2995 133.
635 2942 695 2995 134.
713 2941 768 2996 353
784 2971 816 2982 -
833 2939 910 3004 358.)
937 2937 994 2992 hoc
1017 2935 1165 2992 Eccardus
1194 2934 1229 2990 ds

47 3011 52 3021 ’
76 3053 82 3065 .
104 3011 207 3066 Germ.
226 3013 254 3075 2,
274 3011 319 3066 35.
344 3007 438 3064 Thoel
474 3011 541 3064 nius
558 3007 733 3086 bulogrsph.
752 3027 781 3081 p.
802 3014 863 3066 177.
883 3009 918 3063 G.
940 3009 1022 3080 Gssp.
1035 3007 1230 3077 Kircbmaysr

13 3084 38 3132 in
76 3086 123 3136 'ss
146 3079 225 3136 edite
241 3079 368 3137 Witteb.
388 3084 468 3140 1588.
497 3089 527 3136 st
543 3097 643 3136 recusa
667 3083 698 3136 in
716 3082 740 3134 1.
759 3083 796 3134 11.
816 3081 854 3137 Μ.
873 3081 1005 3136 Ernestii
1030 3079 1125 3134 Notit.
1153 3077 1229 3132 Her·

11 3155 139 3207 tnundur.
167 3152 301 3206 Norimb.
330 3154 409 3210 1733.
437 3152 573 3229 Wagner
598 3151 634 3206 sd
657 3153 809 3208 Ammiani
831 3151 865 3208 11,
891 3153 926 3206 11.
952 3153 1094 3206 Maunert.
1127 3147 1227 3204 Germ.

9 3241 33 3292 p·
51 3229 116 3282 233.
135 3223 239 3282 Weuk
258 3223 339 3278 Hess.
359 3222 567 3299 Lsndesgescb.
587 3223 621 3278 Τ.
641 3223 680 3280 11.
699 3241 729 3294 p.
748 3227 790 3280 33,
811 3223 903 3278 Barth
921 3222 1073 3280 Teutechl.
1084 3218 1228 3347 Ursscscb.

9 3301 27 3358 d·
44 3301 107 3358 513-
126 3297 190 3354 575.
219 3293 370 3352 Wilhelm
394 3293 571 3350 Germenien
595 3293 706 3350 Weim.
731 3297 813 3352 1823.
839 3298 932 3366 Ρ..73.
951 3296 1020 3364 ,le-
1041 3295 1101 3351 188.
1153 3295 1174 3348 f.
1194 3291 1230 3346 ad

10 3369 106 3424 (1.33.
126 3386 157 3420 ιι
177 3371 204 3424 1.
223 3399 257 3412 -
277 3365 307 3420 cs'
323 3365 443 3421 trudunt
462 3383 501 3424 sc.
520 3368 557 3422 ed
575 3384 606 3422 se
623 3365 656 3420 bi
676 3375 716 3422 st.
730 3364 790 3432 1111,
818 3367 880 3421 eius
906 3374 936 3422 et
962 3365 1030 3420 salis
1056 3382 1141 3420 usum
1172 3363 1229 3418 sibi

9 3441 174 3502 vindictum
194 3439 267 3494 Eris.
304 3435 418 3503 sicli,
439 3442 463 3494 l.
493 3447 523 3492 et
541 3437 592 3492 Gr.
612 3436 748 3494 ἕλκεσθαι,
770 3467 803 3476 -
822 3454 908 3508 super
926 3437 1075 3512 libidinem
1100 3438 1230 3509 (prester

8 3511 64 3574 lib,
88 3529 123 3564 v.
147 3509 184 3564 sd
200 3516 229 3573 1,
247 3513 294 3577 53,
314 3511 354 3571 l.)
381 3509 442 3566 edd
467 3508 558 3564 Rhen·
582 3513 607 3566 2.
634 3513 660 3566 ³.
686 3528 748 3582 sqq.
779 3525 866 3578 super
897 3509 1018 3564 libidine
1042 3506 1120 3566 MSS.
1145 3504 1228 3560 Harl.

9 3581 84 3636 Bndl.
114 3581 171 3636 les.
197 3581 296 3636 Gueli.
325 3588 355 3634 et
380 3583 489 3652 primae
511 3579 577 3636 edd.
613 3579 700 3636 Paulo
726 3589 793 3652 post
816 3587 917 3634 cuncta
940 3580 979 3647 os',
1007 3579 1098 3636 omis
1124 3576 1231 3658 agendi

13 3653 89 3710 MSS.
111 3653 171 3709 les.
189 3653 289 3710 (iucif.
309 3681 343 3694 -
364 3653 505 3721 rsds’gs‘ous
522 3650 615 3706 insito
632 3653 748 3720 animis,
767 3670 795 3705 v.
815 3653 850 3706 ed
867 3655 895 3719 3,
914 3653 959 3717 71,
979 3656 1005 3708 1.
1024 3683 1056 3696 -
1077 3666 1123 3706 scs
1140 3663 1232 3704 mass·

9 3743 44 3778 ue
67 3727 151 3782 docos
173 3725 338 3792 (monmnos
360 3732 390 3778 et
413 3723 578 3788 silvestres)
608 3724 809 3792 propinquare,
839 3724 1023 3796 propinquos
1053 3739 1127 3788 csse,
1154 3719 1230 3774 coelo

8 3815 157 3868 precesque
175 3829 207 3840 -
226 3795 336 3861 audiri,
362 3797 400 3852 ci.
425 3795 462 3850 sd
484 3794 519 3848 G.
538 3798 564 3852 3.
590 3812 619 3850 u.
640 3799 664 3850 7.
697 3796 786 3850 solem
807 3795 958 3863 provenire
983 3794 1047 3850 edd.
1072 3793 1136 3846 Pur.
1156 3797 1182 3848 1.
1202 3795 1228 3848 2,

10 3869 67 3922 Ber.
93 3889 162 3942 sqq.
190 3869 261 3922 s'tsm
282 3867 435 3935 provenire
459 3865 542 3922 MSS.
568 3865 592 3920 F
594 3865 647 3922 lor.
673 3866 755 3923 Harl.
779 3864 863 3924 11051.
882 3864 980 3922 Gueli.
1006 3864 1051 3918 ed.
1078 3863 1155 3935 Spir.
1194 3861 1230 3916 ln

8 3940 59 3998 118.
79 3941 159 3996 sus
177 3959 196 3995 a
213 3937 341 3993 secunde
358 3955 447 3993 msnu
463 3937 609 3992 adiectum
627 3936 704 4000 ileos,
719 3957 740 4006 ,ι
757 3940 854 4008 prims
873 3945 901 3992 st
919 3935 975 3994 boc
994 3943 1024 3990 ot
1042 3935 1130 3990 solem
1142 3934 1230 3990 cmis-

9 4033 77 4070 surn.
119 4013 210 4066 sulm
230 4009 383 4080 prooeuirs
409 4027 445 4064 ex
468 4009 564 4073 undis,
592 4027 665 4080 quse
687 4017 754 4080 post
778 4008 897 4068 eluviem
918 4009 1011 4062 mosis
1040 4011 1172 4061 aresces
1198 4006 1231 4058 iu

11 4092 95 4138 terra.
123 4083 225 4146 eluvie,
244 4100 273 4134 v.
292 4078 329 4136 sd
346 4083 390 4142 12,
407 4083 452 4146 51,
471 4083 499 4136 2.
527 4087 709 4147 orsmsstsm,
737 4081 788 4134 ssd
814 4081 890 4134 oudo
917 4081 993 4134 coni.
1037 4078 1173 4134 Heinsius
1200 4084 1231 4128 et

8 4159 163 4220 srsoeeuh,
181 4153 233 4208 ssd
248 4152 328 4206 essu
345 4153 418 4206 Mur.
439 4159 467 4206 et
485 4150 566 4205 Brot.
611 4148 667 4206 sss
690 4143 766 4206 unde
789 4159 856 4274 epte
879 4151 938 4204 dici
964 4157 1061 4222 potest
1084 4159 1230 4203 urescere:

9 4245 70 4280 uem
90 4227 216 4280 omnino
234 4221 348 4278 sridom
366 4222 479 4294 aliquid
496 4224 585 4276 iit'ex
604 4223 696 4288 undu
717 4223 795 4278 Wsu
816 4259 823 4274 .
860 4222 910 4278 Sul
928 4222 1010 4290 spots
1023 4220 1115 4274 mos-is
1132 4223 1231 4285 muts

7 4299 159 4368 gignitur,
176 4309 273 4365 spem
291 4295 322 4350 is
341 4294 476 4350 sutrensis
494 4294 630 4350 litoribus
647 4295 691 4350 ced
707 4294 831 4362 scopulis
844 4293 981 4348 derelicta
1000 4300 1028 4347 es
1047 4290 1230 4346 soisdscoctu
