2826 4792
154 173 198 248 ιι
534 136 778 248 mamma
804 177 889 246 nto.
911 175 973 247 xa.
1018 277 1021 288 Ι

154 341 196 410 tr.
272 338 357 410 eterit
381 357 437 418 pec
462 357 495 402 ιι
519 349 654 402 caninat
682 351 713 402 ot
736 343 916 418 simpliciter
941 339 1075 400 indicant
1096 357 1163 402 rom
1185 343 1303 400 mamm.
1338 339 1372 398 Sl

155 414 217 470 ocri
235 415 261 469 ie
276 417 463 486 patefecerat,
481 417 545 470 tum
562 413 636 472 baec
653 425 851 488 apponuntur,
869 423 904 472 ut
920 414 1084 471 accuntiuc
1107 414 1310 472 describentur
1328 413 1373 468 in·

155 484 251 541 eidiae
273 485 456 558 popularium
478 495 566 562 atqua
589 487 812 566 distinguantur
834 487 869 542 ab
892 485 960 542 aliie
984 485 1110 556 insidiis,
1136 505 1207 560 quae
1233 485 1374 541 Gotarzes

63 593 66 602 ·
153 555 244 612 trani
262 573 322 612 non
338 557 561 632 pronecterett‘
587 557 696 617 Waltl.
716 557 773 614 Sed
787 557 924 632 patefecit
941 556 972 612 h.
986 555 1007 610 l.
1027 556 1139 612 dictum
1157 573 1213 628 pro
1233 559 1375 628 patefece-

155 635 214 696 rat,
232 635 268 682 ut
283 629 354 708 Agr.
373 633 401 688 d·
419 630 511 698 filiurn
528 629 607 687 oreae·
625 631 725 685 cnrieit
741 645 798 702 pro
816 629 954 685 annau
972 636 1002 684 et
1020 628 1137 683 cimilia.
1164 629 1210 684 Gi.
1237 629 1300 682 lnrl.
1319 629 1373 684 111.

154 715 184 757 v.
207 699 363 762 Verberant
383 701 520 772 Tempora
537 719 583 756 nr.
598 701 650 756 nt
669 720 699 774 p.
718 704 780 758 eet.
801 729 834 742 ·—
854 706 1025 756 cunctantur
1041 698 1099 756 MS.
1118 700 1189 778 lieg.
1214 700 1276 756 edd.
1295 697 1374 824 spir.

153 769 227 829 Em.
247 781 277 828 et
294 771 364 830 dein
379 790 475 845 paene
491 791 602 830 omnes.
627 778 795 828 cunctanter
813 769 892 828 MSS.
913 771 1013 828 Gaall.
1036 771 1117 832 Bodl.
1146 773 1204 828 lea·
1229 771 1292 827 edd.
1333 778 1374 823 ut.

154 847 183 902 1.
201 845 230 899 2.
250 851 280 899 et
297 853 355 899 cet.
374 854 441 900 ante
458 845 533 900 Era.
551 845 630 916 quod
653 846 849 901 restituerunt
864 841 962 916 ¹liekk.
986 851 1017 898 et
1039 843 1146 898 Kiecal.
1188 842 1262 898 Mihi
1289 842 1377 917 longe

154 913 263 968 melius
280 915 400 970 videtur
417 921 596 983 cunctantur,
622 915 756 970 dubitant
772 915 870 987 prim0
889 914 960 987 quid
978 921 1075 990 agam,
1095 913 1198 968 deinde
1210 912 1376 968 confirmati

154 973 273 1032 dextrae
301 985 556 1050 complectunturt
586 985 656 1038 Erre.
694 985 790 1052 „Nan
814 985 920 1038 damac
952 991 1128 1052 cunctanter,
1160 1002 1255 1056 neque
1279 994 1378 1038 tamen

155 1047 304 1131 coniunge
322 1053 472 1119 congreeei
489 1059 668 1114 cunctanter,
693 1054 743 1110 ced
761 1053 862 1110 intelli
909 1073 917 1109 ι
945 1061 1100 1176 postquam
1123 1053 1271 1124 congreret·
1299 1061 1377 1122 suut,

152 1133 250 1190 praeno
267 1126 433 1176 cunctanter
450 1139 491 1176 ec.
509 1129 599 1188 agunt
617 1124 668 1176 vel
686 1123 784 1178 simile
802 1127 854 1193 qui
919 1121 970 1180 Sic
987 1140 1021 1178 ea
1040 1141 1086 1178 em
1103 1127 1250 1180 sententia
1265 1125 1378 1196 prodit,

154 1207 230 1262 quae
249 1197 293 1244 eet
310 1191 343 1246 in
361 1191 563 1248 cunctantur.“
584 1189 693 1248 Wattlo.
720 1191 766 1248 Gt.
784 1191 848 1250 lnd.
867 1193 925 1252 111.
950 1212 978 1247 ι.
995 1193 1120 1263 Eltipeee
1137 1212 1183 1250 nr.
1200 1197 1228 1252 2.
1246 1223 1282 1236 -
1302 1195 1377 1260 deta,

155 1263 196 1318 ci.
214 1269 286 1318 nota
299 1267 329 1320 ·1.
348 1291 382 1308 σ-
402 1264 479 1334 apud
496 1263 607 1318 altaria
626 1265 717 1330 deuna,
734 1282 762 1318 r.
782 1263 881 1330 adid,
900 1268 945 1331 ³1,
963 1270 990 1320 1.
1010 1295 1042 1308 -
1060 1265 1197 1334 pepigere
1215 1297 1249 1310 -
1266 1263 1379 1330 ulcisci,

154 1333 194 1390 af.
214 1331 251 1386 ael
268 1349 293 1386 c.
311 1338 338 1391 1.
357 1351 388 1392 n.
407 1337 434 1392 2.
463 1367 498 1378 -
522 1335 606 1406 atqui
629 1335 687 1404 ipsi
708 1337 826 1401 tratroe,
855 1335 1001 1392 Berdanee
1020 1344 1051 1392 et
1069 1335 1220 1403 Gotarzes,
1246 1334 1325 1390 inter
1349 1350 1381 1389 ee

154 1403 316 1472 concedere,
347 1421 532 1476 comparatae
557 1407 666 1460 inlinit.
692 1403 763 1462 laist.
789 1408 941 1462 concedere
965 1402 1028 1465 edd.
1052 1407 1115 1462 l’ut.
1143 1413 1169 1466 l.
1195 1411 1221 1464 2.
1252 1413 1283 1462 et
1311 1404 1380 1462 dein

155 1475 622 1544 omnes.ccnceeeeretoS.ttert.
642 1475 963 1534 rememoratae
1002 1515 1009 1530 .
1037 1488 1066 1535 et
1090 1478 1136 1534 ed.
1161 1475 1239 1550 Spir.
1267 1507 1300 1520 -
1327 1493 1381 1547 pa·

156 1545 271 1617 tiaratae
288 1545 370 1604 MSS.
389 1547 469 1606 Flor.
490 1547 588 1606 Gualt.
614 1547 677 1604 edd
704 1545 784 1621 Spir.
810 1550 874 1604 l’ut.
895 1554 922 1608 l.
940 1551 968 1606 2
1016 1567 1057 1606 ιι.
1075 1548 1168 1606 Rhea.
1188 1553 1214 1606 l.
1240 1547 1323 1605 Piala.
1352 1555 1381 1602 et

120 1683 123 1688 Ι
155 1615 263 1674 deinde
286 1635 395 1676 omnes.
425 1617 525 1704 potior
552 1617 613 1674 MS.
638 1619 710 1675 Bud.
736 1620 799 1680 edd.
824 1619 916 1677 naen:
935 1623 961 1677 2.
981 1625 1007 1680 a
1028 1630 1058 1677 et
1076 1629 1134 1676 cet.
1158 1629 1226 1676 ante
1243 1619 1326 1674 Pich.
1347 1649 1380 1662 -

154 1689 308 1746 Bardonee
332 1700 363 1748 et
386 1690 491 1746 demde
513 1692 662 1758 Bardane,
689 1709 719 1746 v.
736 1691 773 1746 ad
797 1708 822 1746 c·
841 1695 867 1750 8.
887 1710 918 1748 ιι.
937 1696 964 1748 1.
1002 1725 1037 1736 -
1071 1692 1264 1762 Hyrcaniam
1300 1691 1337 1744 in
1355 1705 1380 1746 ο.

155 1759 256 1816 Gueli.
276 1769 307 1817 et
324 1762 388 1819 edd.
406 1759 486 1834 spir.
504 1763 569 1816 Put.
591 1767 618 1820 l·
636 1766 665 1820 2.
683 1761 855 1818 nimaina.
880 1789 915 1802 -
936 1763 1074 1818 Bardane
1091 1759 1171 1820 MSS.
1191 1763 1279 1830 Flac„
1295 1760 1381 1828 (teet.

155 1831 215 1890 lac.
236 1833 328 1888 Gran.
346 1831 384 1888 ad
399 1833 438 1888 ll.
457 1838 483 1899 l,
502 1836 527 1890 t.
547 1834 597 1890 ced
614 1836 654 1888 cf.
672 1834 709 1890 ad
725 1850 750 1888 c.
769 1837 795 1892 8.
816 1853 846 1894 n.
866 1834 905 1902 1.)
923 1835 1022 1890 Guelt.
1042 1834 1105 1891 edd
1124 1831 1204 1906 Spir.
1223 1835 1285 1888 eun
1305 1837 1334 1890 1.
1353 1834 1380 1889 2.

155 1901 221 1958 Ber.
239 1903 332 1961 liban.
359 1912 389 1960 et
412 1911 468 1959 cet.
492 1913 560 1960 ante
581 1905 661 1976 laps.
697 1905 834 1960 Bardani
850 1903 913 1960 edd
932 1907 1012 1978 laps.
1037 1915 1068 1962 et
1090 1905 1157 1960 dein
1180 1908 1244 1962 iera
1268 1921 1382 1958 omnes.

155 1971 215 2030 Sed
231 1983 347 2048 tempus
364 1973 416 2030 hic
471 1976 542 2042 itur,
559 1993 629 2048 qno,
653 1993 749 2061 neque
766 1978 804 2044 ie,
829 1977 878 2032 cui
901 1975 1036 2032 Seleucia
1058 1994 1090 2033 aa
1115 1977 1241 2046 aenne,
1268 1973 1382 2032 Watet.

160 2072 195 2088 -
214 2045 347 2104 dedituri
366 2047 400 2104 in
416 2048 444 2102 ll
468 2083 478 2100 .
496 2049 561 2104 Vct.
580 2047 659 2115 (teet.
677 2045 775 2122 Lupe.)
793 2055 824 2103 et
841 2045 885 2104 ed·
904 2045 984 2121 Spir-
1004 2049 1084 2106 dedit
1102 2065 1133 2106 ιι
1148 2049 1227 2106 urbe.

630 2200 655 2258 G
671 2199 698 2256 A
715 2201 736 2256 l’
753 2199 781 2256 U
797 2199 825 2256 Τ
870 2201 906 2256 1.

240 2307 326 2372 Exin
346 2303 565 2372 validissimas
586 2309 815 2391 praefecturae
836 2309 966 2390 invisit,
996 2317 1032 2374 ct
1051 2311 1243 2394 reciperare
1264 2305 1385 2372 Arme-

158 2391 249 2456 niam
264 2390 393 2470 avebat,
414 2391 452 2454 ni
462 2409 480 2454 a
492 2391 595 2462 Vibio
608 2391 726 2454 Marso
737 2391 857 2474 Syriae
874 2391 983 2479 legato
995 2393 1119 2458 bellum
1132 2393 1310 2456 minitante
1328 2411 1385 2454 co-

158 2473 287 2538 hibitus
300 2475 401 2540 locet.
422 2471 532 2556 Atque
546 2476 685 2538 interim
700 2474 863 2539 Gotarzes
883 2478 1092 2558 poenitentia
1113 2475 1261 2539 mnoessi
1280 2475 1384 2561 regni

158 2563 195 2622 ct
213 2563 356 2624 vocante
375 2557 563 2637 nobilitate,
584 2560 642 2622 cui
662 2559 699 2620 in
719 2577 801 2658 pecc
823 2557 943 2624 durius
964 2560 1143 2621 servitium
1164 2565 1224 2638 eet,
1244 2565 1384 2620 contra-

157 2639 211 2704 bit
231 2641 353 2724 copiae.
403 2640 446 2712 Et
473 2639 553 2704 hnic
577 2649 804 2704 contraitum
825 2639 867 2703 ad
887 2659 1018 2704 amnem
1039 2640 1198 2722 Erinden,
1226 2642 1263 2702 in
1283 2642 1385 2703 cuins

159 2731 374 2824 transgressu
412 2723 556 2786 multum
587 2730 728 2803 certato,
767 2725 914 2808 pervicit
945 2723 1113 2787 Bardancs
1144 2723 1385 2808 prosperisque

158 2807 298 2892 ptochia
319 2803 445 2870 medias
467 2809 618 2870 nationes
639 2807 773 2894 subegit
793 2805 837 2870 ad
858 2809 985 2870 flumen
1006 2804 1144 2889 Sinden,
1166 2805 1254 2892 quod
1268 2805 1385 2870 Dahas

159 2889 325 2973 Ariosque
346 2889 567 2955 disterminat
616 2887 669 2952 lbi
689 2887 808 2952 modus
829 2889 930 2955 rebus
951 2889 1105 2954 secundis
1126 2893 1270 2974 positus:
1304 2909 1387 2952 nam

157 2973 288 3055 Parthi,
309 2993 497 3058 quanquam
516 2974 677 3046 victorae,
699 2971 913 3059 longinquam
934 2975 1092 3040 militiam
1103 2972 1385 3057 aspernabantur.

157 3055 270 3144 Igitur
289 3058 470 3122 exstructis
491 3057 718 3135 monimentis,
750 3055 870 3138 quibua
900 3075 980 3138 opes
1007 3077 1084 3121 suae
1111 3057 1298 3120 testabatur
1320 3073 1408 3118 suec¹

158 3141 215 3202 cui
236 3159 314 3201 nam
335 3149 414 3202 ante
434 3138 672 3202 Arsacidarum
693 3139 822 3202 tributa
848 3137 919 3201 illie
944 3137 1163 3226 degentibus
1190 3147 1300 3222 parta,
1330 3157 1388 3200 re-

157 3241 219 3310 gre
246 3223 315 3284 'tur
342 3223 459 3366 inqens
481 3223 590 3310 gloria
611 3231 710 3307 atque
732 3240 772 3285 eo
796 3223 946 3285 ferocior
966 3230 1001 3285 et
1021 3222 1179 3285 subiectis
1199 3220 1387 3283 intoleran-

158 3305 240 3378 tior,
268 3303 324 3388 qui
345 3301 422 3368 doc
443 3315 521 3367 ante
542 3309 728 3387 composito
754 3306 928 3368 incautum
955 3307 1194 3388 venationique
1214 3305 1387 3368 intentum

159 3387 360 3452 interfecere
388 3388 533 3471 primam
561 3389 652 3450 intra
673 3389 856 3467 iuventam,
882 3385 940 3453 sed
960 3386 1164 3451 claritudine
1184 3406 1310 3470 paucos
1332 3389 1388 3448 in·

158 3479 215 3536 ter
239 3489 356 3534 senum
381 3491 420 3533 ra
466 3491 511 3550 m,
542 3471 572 3532 si
599 3467 740 3553 perinde
775 3489 924 3535 amorem
949 3473 1041 3533 inter
1072 3472 1252 3554 populares
1305 3490 1388 3534 uam

119 3573 122 3580 ·
160 3561 287 3616 metum
308 3551 398 3638 apud
442 3561 530 3616 ostes
552 3555 780 3636 quaesivisset.
830 3553 923 3618 Nece
943 3551 1103 3618 Burdenis
1125 3555 1280 3618 turbatae
1328 3573 1387 3616 ar·

144 3637 298 3700 thorum
326 3655 392 3700 res.
457 3633 552 3698 luter
589 3635 774 3723 ambiguos,
812 3639 885 3720 qnia
911 3639 948 3699 in
980 3657 1020 3700 re
1043 3657 1123 3700 num
1159 3637 1387 3720 acciperetur,

160 3719 262 3782 multi
282 3715 325 3781 ad
345 3718 517 3784 Gotarzen
537 3719 752 3799 inclinabant,
779 3717 914 3802 quidam
944 3717 987 3782 ad
1008 3655 1231 3784 lbeherdatcn
1251 3719 1388 3802 prolem

159 3801 337 3866 Phrahetis
375 3799 505 3866 obsidio
540 3801 637 3871 nobis
677 3801 802 3868 datum.
862 3801 951 3866 Dein
986 3803 1186 3887 praevaluit.
1204 3801 1387 3882 Gotarzes,

161 3886 290 3968 potitus
312 3905 355 3948 ue
386 3886 515 3972 regiam
535 3905 598 3968 per
618 3886 791 3950 caevitiam
812 3903 851 3948 ac
872 3887 985 3950 luxum
1007 3885 1121 3974 adegit
1140 3885 1282 3950 Parthos
1303 3887 1388 3947 mit-

155 3973 237 4031 'tere
267 3907 311 4030 ad
340 3965 531 4052 Principem
558 3969 742 4032 Romanum
775 3969 920 4033 occultas
954 3987 1084 4052 preces,
1121 3972 1196 4054 quie
1229 3969 1388 4054 permitti

161 4045 386 4115 Meherdaten
407 4053 557 4135 patrium
572 4049 621 4114 'ad
639 4052 813 4138 fastigium
833 4052 986 4116 orabant.

233 4189 260 4244 1.
278 4184 366 4254 lain
382 4203 413 4244 r.
432 4187 469 4243 ad
484 4189 558 4274 ιιι.
576 4203 605 4242 ιι.
623 4193 650 4246 1.
669 4186 824 4274 ''snei“
842 4185 923 4248 MSS·
949 4187 1032 4244 Flac.
1057 4185 1140 4257 (teet.
1158 4185 1250 4256 vica)
1268 4184 1340 4242 Bnd.
1368 4205 1387 4244 ι

164 4261 203 4312 ιιι
221 4272 283 4316 rea.
300 4257 368 4322 Ure.
386 4255 453 4318 edd.
471 4256 551 4334 Sper.
569 4257 680 4318 Waltb
698 4268 808 4322 ιιιιιιι
825 4257 905 4320 MSS.
922 4259 997 4322 liud
1013 4278 1033 4320 a
1049 4277 1090 4322 m.
1115 4277 1162 4334 pr.
1187 4259 1287 4320 Guelf-
1314 4257 1385 4318 add
