2854 4798
165 237 209 302 84
556 231 806 300 ANNALIUM
825 236 910 304 utu.
933 235 1011 300 ΧΠ.

168 401 389 465 metuebatur.
436 401 509 466 Neo
537 411 614 474 ante
642 405 762 467 omissa
796 407 968 468 cunetatio
996 425 1094 488 qnam
1120 401 1282 466 Vitellius
1314 403 1405 466 suis

163 485 297 546 artibus
318 485 354 547 id
380 487 641 570 perpetrandum
669 490 819 572 sumpsit.
862 490 1168 570 Percunctatusqne
1196 485 1405 562 Caesarem,

168 585 219 630 ou*
231 572 329 632 iussis
348 571 472 650 populi,
500 590 542 631 ou
564 567 755 635 auctoritati
781 581 911 634 senatus
941 570 1088 634 cederet?
1118 571 1177 632 ubi
1205 569 1262 632 itte
1290 589 1403 632 unum

167 671 202 715 se
224 655 337 716 civium
358 663 389 714 et
411 657 579 718 consensui
604 657 750 736 imparem
777 653 963 738 respondit,
991 655 1144 738 opperiri
1175 654 1264 714 intra
1295 653 1403 736 pala-

167 735 252 798 tium
274 735 376 798 iubet.
410 731 484 821 Ipse
505 739 633 800 curiam
661 736 852 825 ingieditur
879 758 1104 818 summamque
1126 757 1197 799 rem
1241 737 1403 798 ublicam

167 841 186 880 a
211 820 224 880 i
255 819 423 882 obtestans
452 823 583 884 veniam
610 820 742 883 dicendi
767 830 844 886 ante
872 823 957 884 alios
989 821 1137 901 exposcit
1163 839 1204 882 or
1232 822 1399 903 'torques

159 839 385 966 (immissos
405 901 570 984 Principis
591 903 728 982 labores,
757 909 830 986 quis
850 906 955 967 orbem
978 914 1083 966 terroe
1104 913 1262 984 capessat,
1288 921 1403 984 egere

167 985 380 1064 adminiculis,
402 997 439 1048 ut
461 987 631 1049 domestico
653 1007 729 1050 curo
751 1007 869 1050 uomens
889 993 924 1052 iu
936 1007 1091 1050 commune
1102 986 1259 1054 coosulat.
1290 985 1403 1055 Quod

164 1089 265 1152 porro
287 1069 451 1133 honestius
472 1073 635 1134 censoriae
654 1073 767 1135 mentis
793 1073 942 1150 leuamen,
970 1091 1061 1154 quom
1089 1089 1246 1132 assumere
1274 1074 1400 1132 coniu-

163 1172 233 1236 gem
266 1156 433 1234 prosperis
465 1153 633 1236 dubiisque
659 1159 794 1234 sociam,
835 1159 888 1219 cui
916 1157 1134 1238 cogitationes
1161 1156 1301 1230 intimas,
1334 1155 1401 1215 cui

163 1257 284 1316 parvos
311 1235 431 1301 liberos
459 1237 582 1316 tradat,
616 1259 680 1300 sou
707 1237 798 1302 tumui
825 1250 882 1302 out
908 1238 1129 1320 uoluptatibus
1165 1236 1398 1317 assuefactae,

165 1321 223 1382 sed
242 1323 298 1402 qui
317 1324 421 1401 priseo
441 1320 483 1384 ab
504 1324 632 1385 iuventa
652 1323 781 1405 legibue
801 1321 1091 1403 obtemperavisset.

237 1443 262 1494 1.
291 1439 323 1494 0.
341 1437 469 1507 Pompeio
495 1437 630 1516 Longino
648 1441 745 1508 Gallo,
775 1441 806 1498 0.
829 1439 963 1506 Veranio,
989 1458 1018 1493 v.
1038 1437 1147 1492 insti·
1184 1435 1227 1492 De
1244 1438 1335 1492 rebus
1358 1439 1396 1491 in

162 1509 301 1580 boucap.
320 1511 446 1565 narratis
465 1513 503 1564 ci.
524 1511 600 1568 Suet.
622 1510 722 1569 Claud.
740 1513 784 1570 26.
807 1521 836 1566 et
853 1511 909 1566 Dio
927 1517 972 1576 su,
990 1515 1036 1567 31.
1076 1508 1202 1565 Vei-uuio
1221 1509 1282 1566 edd.
1303 1509 1394 1581 Spir.

163 1579 326 1660 Put.·1.a.
351 1581 445 1652 Ryck.
468 1581 585 1640 walth.
611 1581 714 1638 Recte:
744 1603 811 1638 nam
839 1586 881 1637 sic
906 1583 971 1636 aliis
997 1583 1069 1636 locis
1095 1596 1201 1634 nomen
1232 1581 1393 1636 scribitur.

169 1653 314 1709 Verosuio
332 1653 394 1710 stt
413 1651 506 1708 Rhen.
525 1663 554 1708 et
573 1662 625 1708 cet.
650 1655 776 1710 Veranio
794 1655 873 1712 MSS.
894 1655 973 1709 Flor.
1001 1655 1087 1715 (teste
1105 1653 1208 1718 Furia)
1234 1660 1263 1706 ct
1280 1653 1391 1708 Guelf.

132 1763 135 1772 .
166 1753 199 1762 -
216 1731 323 1792 pactum
341 1726 418 1778 ister
436 1725 479 1778 ct.
501 1732 528 1779 et
545 1726 621 1796 Agr.
645 1727 844 1780 matrimonium
868 1727 924 1780 iam
949 1727 1023 1792 foma
1048 1732 1103 1778 cet.
1131 1725 1328 1801 distinguntur
1357 1724 1393 1774 in

165 1795 227 1853 edd.
283 1811 337 1850 ene
355 1795 497 1863 omnibus,
529 1798 580 1852 sed
601 1805 712 1866 pactum
730 1798 751 1854 i.
772 1798 815 1856 cl.
834 1805 862 1852 et
879 1798 917 1854 A.
936 1797 1142 1850 matrimonium.
1180 1795 1238 1848 lom
1255 1795 1334 1862 [omo
1357 1794 1414 1845 in'

162 1865 220 1922 MS.
240 1813 339 1922 dieu.
357 1867 421 1922 odd.
440 1869 504 1922 Put-
525 1873 550 1924 1.
569 1870 595 1925 2.
618 1869 685 1928 Ber.
704 1856 797 1946 iiben-
816 1872 844 1927 2.
863 1873 892 1924 3.
917 1866 1033 1924 Wolth.
1070 1868 1156 1933 „llis
1182 1865 1393 1938 interpunctio

161 1938 366 2062 zmsiersntia:
385 1957 452 1994 nam
469 1947 587 2010 pactum
606 1949 673 1994 anto
690 1941 762 1994 istos
780 1940 914 1994 consules
933 1939 1165 1994 matrimonium.
1185 1939 1232 1992 Cf.
1251 1955 1314 2010 cap.
1336 1937 1391 1994 3.“

194 2010 242 2078 'pa
277 2010 333 2064 ium
349 2011 433 2076 famo,
451 2009 507 2064 iam
524 2027 617 2064 amore
634 2011 739 2064 illicito
758 2011 820 2069 edd.
840 2012 906 2066 Bes.
926 2011 1018 2068 Rhea.
1038 2029 1102 2082 sqq.
1125 2011 1181 2065 iou
1198 2012 1273 2076 fosso
1290 2025 1392 2064 umore

162 2080 208 2136 tu.
228 2079 285 2137 MS.
306 2081 403 2137 cusu.
425 2081 489 2136 edd.
509 2083 572 2137 Pul.
593 2087 618 2140 1.
637 2084 664 2140 2.
692 2083 748 2136 ias
766 2098 857 2136 auore
875 2082 992 2150 illicito,
1019 2081 1074 2136 ium
1090 2085 1166 2150 fumo
1185 2080 1229 2138 esi.
1248 2079 1330 2152 Spin.
1353 2113 1390 2124 -

162 2153 241 2206 sulio
260 2153 391 2219 exemplo,
409 2155 447 2206 oi.
466 2152 529 2210 lnd.
550 2153 605 2206 111.
623 2172 651 2208 v.
670 2154 821 2208 Adiectioo
839 2155 871 2208 iu
889 2160 970 2209 sexto
988 2169 1057 2208 cusu
1075 2155 1203 2207 obsolute
1218 2153 1328 2220 positu.
1353 2183 1389 2194 -

161 2224 298 2276 deductae
316 2224 349 2278 ia
367 2225 469 2278 domum
484 2224 586 2292 putrui
602 2225 709 2290 fratris
727 2225 814 2291 filiae,
832 2227 871 2281 ci.
890 2225 927 2279 ad
944 2229 972 2290 i,
990 2227 1057 2292 8,1.
1078 2233 1108 2280 et
1125 2224 1187 2281 ind.
1206 2224 1259 2278 111.
1276 2242 1307 2277 v.
1330 2223 1390 2276 Ge-

161 2294 249 2348 nitiui
266 2311 301 2350 ex
318 2311 349 2347 se
365 2295 526 2363 pendentes.
544 2292 689 2366 'Sponsae
708 2306 805 2351 autem
824 2297 856 2348 in
881 2297 974 2350 domos
998 2313 1170 2366 sponsorum
1188 2295 1289 2349 deduci
1305 2295 1390 2348 sole·

160 2366 228 2420 bant
247 2365 294 2420 die
313 2366 492 2434 nutiarum.
510 2384 539 2424 v.
559 2365 649 2424 Drak.
669 2368 704 2421 ad
722 2369 787 2421 Liv.
808 2371 851 2431 lu,
869 2369 915 2425 23.
934 2370 979 2434 ib,
998 2371 1042 2424 5⁰.
1061 2371 1106 2431 il,
1125 2371 1169 2423 12.
1198 2367 1339 2421 deductae
1352 2397 1387 2408 -

160 2437 238 2503 filiae
256 2435 333 2492 MSS.
353 2381 435 2490 ilos.
457 2439 544 2502 (testo
562 2437 641 2492 Pioh.
662 2439 712 2494 sed
730 2439 778 2491 sil.
796 2439 886 2504 Viot.)
904 2439 991 2496 Farn.
1007 2439 1077 2492 Bud.
1096 2439 1159 2496 edd.
1170 2437 1251 2492 Piob.
1271 2445 1302 2492 et
1320 2455 1386 2490 reo.

160 2509 275 2564 deducte
292 2507 350 2562 MS.
369 2509 433 2565 Vat.
454 2513 532 2566 last.
551 2509 680 2567 Broterii
704 2513 755 2581 qni
772 2509 831 2564 MS.
856 2518 901 2576 est
918 2511 1005 2566 Fara.
1030 2511 1134 2594 lipsii.
1172 2510 1292 2564 deducto
1316 2509 1386 2575 filiu

160 2577 239 2636 MSS·
258 2587 313 2633 oet.
334 2587 363 2633 ot
380 2579 442 2636 odd.
462 2588 520 2637 vet.
556 2581 663 2648 „Quae
689 2581 788 2650 lectio,
814 2583 859 2636 uti
877 2581 1053 2650 difficilium*
1066 2590 1108 2636 sta
1131 2597 1190 2634 non
1208 2583 1307 2651 inepta
1329 2587 1385 2634 est.

159 2650 236 2705 'l'um
256 2651 332 2704 nullo
352 2651 472 2718 exemplo
489 2649 616 2722 position
634 2669 688 2723 pro
707 2667 853 2724 uunquam.
891 2653 963 2706 Tres
982 2653 1109 2730 genitivi
1127 2661 1208 2707 cents
1226 2653 1258 2704 in
1280 2649 1387 2719 putrui

159 2721 267 2789 fratris
284 2722 362 2787 litiae
379 2738 438 2776 non
457 2721 527 2776 adeo
545 2723 696 2799 eleganter
714 2743 776 2779 sese
795 2723 979 2794 excipiunt.“
1002 2721 1109 2780 Woltl.
1130 2757 1163 2767 -
1195 2723 1332 2776 incestum
1351 2749 1384 2758 -

159 2811 193 2848 ne
211 2793 242 2848 is
260 2793 357 2846 molum
372 2793 512 2862 publicum
530 2801 682 2862 erumperet
708 2797 889 2860 metuebatur,
921 2797 946 2848 si
970 2796 1096 2866 populus
1121 2794 1222 2850 eodem
1246 2801 1386 2848 uteretur

147 2863 523 2990 timuisses
718 2865 1384 2992 tu.÷.⁰ssu::msu.r.rs

158 3015 236 3062 ossis
254 3023 325 3060 vero
343 3008 376 3062 ia
393 3007 538 3083 prodigiis
556 3006 736 3062 habebantur
753 3016 783 3063 ot
802 3007 939 3062 Claudius
958 3018 1021 3063 orat
1045 3008 1130 3063 valde
1147 2973 1382 3080 superstitibsus.

159 3075 205 3134 Gi.
224 3076 302 3133 Suet.
329 3079 431 3134 Glaad'.
445 3095 481 3136 c.
509 3082 554 3136 22
599 3079 676 3132 Hinc
698 3080 814 3152 piacula
839 3080 893 3134 ills
915 3078 1100 3150 procurando
1125 3079 1255 3134 incestui
1279 3077 1384 3133 suadet

159 3167 185 3208 o.
203 3147 256 3206 8.“
273 3149 401 3206 urunt.
422 3158 451 3204 at
469 3150 555 3207 Gros.
592 3147 711 3206 Tacitus
738 3151 818 3206 inira
835 3169 860 3204 o.
880 3155 905 3206 8.
925 3152 1023 3216 tradit,
1050 3151 1167 3223 piacula
1192 3157 1316 3236 pmpter
1336 3149 1382 3202 Si-

158 3220 220 3273 lani
239 3237 304 3274 cum
318 3237 424 3282 ,sorore
442 3221 587 3276 incastum
605 3223 644 3290 (v.
664 3240 727 3294 cap.
746 3223 784 3286 4.)
802 3223 882 3275 iussu
901 3220 1016 3276 Claudii
1043 3237 1099 3292 pes·
1120 3223 1274 3294 pontifices
1301 3221 1381 3286 data,

149 3289 349 3416 ,ἐννίᾱιὲῑιὲἐὸνσ
380 3293 503 3348 cuuotiss
540 3309 607 3348 nam
637 3293 700 3364 ipss
734 3291 871 3348 Claudius
885 3357 890 3364 ι
905 3301 937 3347 et
974 3293 1074 3348 eodem
1108 3301 1240 3365 temporo
1271 3293 1380 3346 incesti
1410 3319 1411 3324 =

157 3380 226 3420 rsus
280 3364 312 3414 ‘t.

204 3454 255 3508 4.
282 3467 364 3506 uuum
390 3467 421 3506 se
445 3447 544 3506 cisium
570 3459 598 3505 et
622 3451 772 3508 consensui
794 3453 905 3508 civium
928 3453 1058 3524 imparem
1081 3472 1153 3510 esse.
1188 3469 1271 3507 usum
1291 3467 1323 3505 se
1352 3458 1380 3505 et

156 3523 257 3576 muium
271 3538 356 3577 eoas.
383 3523 447 3592 imp.
471 3523 530 3577 MS.
549 3523 622 3600 Agr.
648 3523 725 3594 quot
748 3522 862 3594 Ryokio
883 3526 1023 3596 placebat.
1057 3503 1174 3597 iipsius
1200 3540 1271 3580 vero
1299 3540 1377 3580 corr.

156 3611 238 3647 uuum
256 3611 287 3647 se
304 3595 405 3648 duum
423 3602 450 3647 et
468 3595 499 3648 S.
514 3595 651 3660 (senatus)
668 3611 692 3646 c.
710 3594 729 3646 i.
747 3597 816 3665 quia
833 3597 970 3668 Princeps
989 3613 1049 3651 non
1065 3615 1141 3652 unns
1160 3613 1175 3651 s
1193 3597 1284 3672 vulgo
1304 3595 1379 3650 civi-

77 3735 80 3740 ·
152 3677 207 3719 um
226 3667 274 3732 sit,
294 3667 388 3725 esita-
401 3665 573 3737 respondeat
591 3665 706 3720 Claudii
724 3669 818 3721 oratio
835 3669 1018 3722 Vitellianae.
1057 3668 1142 3736 „Sed
1164 3667 1289 3722 meliora
1310 3673 1377 3720 sunt

157 3738 284 3813 vulgata.
321 3737 448 3792 Modesto
471 3737 603 3806 loquitur
627 3734 774 3794 Claudius.
820 3738 966 3793 Nolebant
989 3739 1291 3811 ¹enim-Imperatores
1319 3755 1376 3790 non
1409 3751 1410 3764 ³

156 3809 253 3863 videri
271 3807 384 3864 cives.“
414 3807 520 3861 Woltb.
558 3807 593 3860 ln
617 3805 676 3860 MS.
702 3809 772 3902 Res.
798 3818 828 3864 et
849 3809 911 3864 edd.
937 3810 999 3865 Put.
1021 3815 1047 3867 l.
1066 3813 1094 3867 2.
1122 3809 1187 3866 Ber.
1208 3809 1273 3876 (ubi
1293 3809 1375 3863 siluit

156 3879 247 3950 ilict.)
265 3879 354 3934 Rhea.
376 3884 400 3935 l.
437 3895 582 3944 consessu,
601 3876 678 3950 quod
695 3880 831 3936 adscito
850 3891 881 3936 et
898 3897 953 3952 pro
977 3883 1125 3936 consensui
1149 3881 1262 3935 dictum
1277 3880 1374 3933 videri

152 3958 260 4022 potest.
280 3951 325 4004 Gi.
345 3949 407 4004 imi.
427 3950 479 4003 111.
500 3971 527 4005 v.
547 3951 670 4003 Datiuus
694 3969 722 4006 u.
742 3953 767 4010 7.
788 3983 821 3994 -
858 3951 1001 4024 opperiri:
1029 3955 1061 4006 in
1086 3953 1129 4010 esi.
1155 3951 1233 4024 Spin.
1254 3951 1373 4020 operiri,

153 4023 262 4076 omissa
286 4021 396 4076 lineola
422 4038 509 4092 super
532 4021 619 4076 litera
636 4035 664 4091 p.
684 4057 717 4068 -
753 4039 928 4094 summamque
951 4027 1167 4095 rempublicam
1192 4023 1254 4079 edd.
1279 4019 1372 4092 iiyck.
1408 4093 1409 4096 Ἴ

150 4095 212 4146 lac.
232 4089 325 4148 Goon.
346 4093 417 4146 Era.
439 4101 468 4146 et
485 4109 545 4146 rec.
581 4107 757 4166 summumque
779 4095 813 4148 ll.
840 4095 871 4148 P.
897 4103 926 4149 et
953 4097 997 4160 16,
1021 4099 1056 4154 28
1079 4115 1125 4170 pr.
1161 4109 1285 4149 summota
1310 4097 1371 4162 rip.
1408 4109 1409 4118 ³

150 4163 237 4222 MSS..
257 4164 337 4224 Eius.
358 4173 388 4219 et
406 4163 491 4218 Corb.
527 4179 704 4235 summamque
729 4167 773 4220 rei
794 4167 923 4234 publicae
941 4167 1022 4221 MSS.
1043 4170 1142 4222 Gusli.
1162 4177 1193 4222 st
1210 4166 1272 4221 cdd.
1291 4163 1372 4220 vet.“

156 4237 319 4306 Utrumque
348 4235 426 4288 idem
452 4243 505 4288 est.
531 4251 569 4298 m}
583 4233 664 4292 ctas.
686 4237 768 4290 Cic.“
793 4239 863 4291 Era.
900 4237 1048 4308 „Aliquid
1071 4249 1167 4295 tamen
1192 4237 1371 4292 discriminis

53 4305 57 4314 '
157 4309 273 4385 ridetur
291 4305 481 4388 intercedere.
518 4305 624 4388 Sumus
649 4307 694 4384 ’'ii.
714 4308 844 4386 {sublicae
870 4309 932 4362 sive
955 4324 1048 4364 rerum
1071 4318 1100 4366 et
1123 4309 1236 4382 imperii
1259 4309 1369 4378 agitur,
