2872 4786
689 56 696 96 i

179 233 242 306 ιιι
503 245 506 255 ’
581 213 768 302 tnusn'
782 231 1025 305 excussus·

178 417 256 457 resse
278 400 418 461 mactra.
454 401 572 459 Tacitus
595 401 655 460 isia.
692 381 761 458 Ideo
788 403 820 458 iu
843 403 1040 456 monumentis
1065 400 1096 456 id
1114 404 1180 458 sevi
1203 403 1392 476 historiisque

178 473 446 528 macresceret·
463 475 599 546 inscripti
617 477 734 547 passim.
771 475 879 528 Mansit
897 469 932 527 ad
950 473 1116 540 Claudium,
1145 477 1191 544 qai
1208 492 1298 528 curan
1315 493 1391 529 aera-

177 547 218 600 rii
234 546 350 600 Satmi
366 547 559 602 Quaestoribus
575 547 706 613 reddidit,
734 561 809 615 quant
827 545 912 600 saeds'o
929 551 1044 613 tenpsre
1067 546 1212 601 J'raetores
1235 554 1283 600 aut
1305 547 1393 615 utique

177 623 310 686 praetura
326 617 415 683 functi
431 618 623 682 sustinuerant,
642 619 684 674 sit
701 615 819 675 sueton.
840 616 939 672 Claud.
961 632 986 672 c.
1004 619 1050 674 Ἃ.
1087 616 1131 672 its
1148 627 1256 684 tsmeu,
1285 626 1319 671 ut
1342 617 1392 672 ho-

178 704 265 743 norss
290 688 328 742 iis
353 695 435 742 extra
459 687 591 745 ordinem
615 691 813 761 permitteret,
840 691 883 743 sit
907 687 1040 756 Tacitus,
1070 704 1105 741 ne
1131 697 1199 744 necta
1224 692 1393 756 offuderunt

84 810 87 817 .
177 759 289 826 segnius
305 761 487 815 enuntiarent.
526 761 615 828 Quem
633 758 689 821 Dio
707 761 836 834 explicat
858 761 890 814 in
909 758 1045 816 claudias
1069 761 1115 826 tt,
1133 763 1178 818 24.
1217 761 1286 822 Τοὺς
1313 779 1392 830 σιρα-

177 832 275 900 τηγούς
301 833 366 895 τοὺς
388 835 438 888 dai
461 833 506 900 τῆς
529 833 684 902 διοικήσεως
707 835 854 894 καταλύσας
881 841 987 902 ταμίαις
1012 832 1100 898 ebrie
1123 835 1191 886 κατὰ
1215 835 1245 886 ab
1273 831 1393 903 ἀρχαῖοι

176 905 340 974 ἐπέτριψεν,
366 906 423 974 οὐχ
441 905 511 958 sicas
528 909 572 960 aui
589 905 716 972 trqatovs
738 911 814 975 apsis·
833 903 920 980 (ὅπερ
938 904 990 960 int
1005 921 1034 958 es
1050 905 1164 958 taetras
1188 909 1326 978 πρότερον
1350 909 1392 960 ast

178 975 228 1032 tet
245 983 302 1030 tais
319 977 477 1049 σιραιηγιῖν
493 979 563 1048 used
585 979 670 1030 caira
689 973 827 1045 ἐγίγνετο)
844 981 953 1046 ἄρχειν,
978 975 1033 1028 ἀλλ’
1053 976 1151 1030 aiddu
1175 977 1208 1028 at
1227 979 1311 1032 edroi
1335 981 1393 1047 epta

176 1047 229 1104 ὅλα
245 1047 291 1116 dm
309 1049 395 1116 ebrie
412 1043 543 1115 διῴκουν,
569 1053 615 1102 sai
640 1049 670 1101 ai
692 1049 746 1115 pir
762 1057 923 1118 στρατηγίας
948 1047 1032 1110 tubis
1047 1049 1218 1118 ἐλάμβανον,
1242 1049 1271 1104 οἱ
1292 1047 1329 1101 dt
1352 1051 1393 1101 aei

176 1121 283 1188 μισθὸν
300 1121 410 1193 ἔφερον,
428 1120 502 1182 ὅπως
520 1121 586 1173 nori
603 1125 649 1174 seat
666 1119 768 1182 ἔδοξαν
784 1121 874 1192 ἄρξαι,
900 1120 931 1174 id
957 1126 1017 1173 eat:
1046 1120 1192 1176 Praetores
1209 1121 1318 1174 aerarii
1341 1122 1394 1173 sot-

176 1207 243 1246 uens
260 1191 452 1258 Quaestaribus
469 1207 572 1246 meuse
588 1191 698 1260 antiqua
726 1207 797 1246 auare
813 1193 846 1246 id
871 1192 1008 1257 tradidit,
1034 1208 1088 1245 non
1105 1199 1202 1258 tanen,
1228 1198 1258 1246 ut
1281 1207 1393 1244 annosa

177 1279 266 1318 eorm
283 1279 374 1318 mnus
392 1269 472 1328 esset,
491 1263 573 1332 (med
589 1269 671 1316 antea
688 1270 716 1316 ct
734 1264 764 1316 in
781 1263 851 1332 ipsis
868 1271 894 1316 et
911 1265 944 1316 in
960 1264 1138 1320 Praetoribus
1154 1263 1266 1331 fretun)
1283 1264 1337 1315 sed
1346 1265 1394 1316 dna

176 1334 261 1390 iidesn
277 1341 333 1390 tres
350 1351 436 1387 annas
452 1335 593 1388 continnae
612 1349 670 1388 eane
684 1350 778 1388 curam
795 1335 980 1401 sustinent,-
1007 1335 1100 1406 eispue
1121 1333 1228 1416 erectis
1252 1343 1396 1403 praeturas

1427 273 1429 316 i

177 1407 271 1460 stetin
289 1407 522 1474 adipiscebantur,
548 1407 681 1460 interm
706 1413 733 1460 et
753 1407 898 1475 praessisset
920 1407 1124 1476 mercedemque,
1149 1405 1263 1474 proinde
1279 1407 1396 1458 nabere
1428 1443 1429 1450 ι

176 1492 208 1530 se
224 1484 379 1543 gesserant.
414 1477 518 1548 ltaque
540 1477 665 1546 bonnet,
689 1493 762 1548 quos
788 1485 869 1532 extra
890 1479 1010 1532 ordinesa
1033 1479 1071 1531 iis
1097 1478 1254 1546 missas,
1276 1477 1398 1532 datoss

177 1547 301 1604 (ilsudic
324 1549 397 1603 dicit
420 1547 538 1604 Tacitus
555 1548 585 1602 lu.
599 1549 633 1615 t,
656 1557 725 1605 sunt
747 1558 910 1620 praeturae.
947 1548 1005 1604 Sed
1031 1551 1129 1621 ipsum
1153 1551 1315 1603 immutans
1333 1565 1396 1602 ror-

177 1639 243 1674 sum
260 1621 340 1675 Nero
359 1621 449 1692 rediit
466 1635 524 1676 noa
542 1620 579 1674 sd
595 1622 755 1686 Praetores,
774 1619 848 1686 (aon
866 1623 946 1676 enim
964 1623 1038 1676 itas
1059 1620 1164 1692 pellati
1181 1619 1324 1692 amplias)
1351 1621 1396 1674 ned

177 1691 213 1747 ud
230 1692 409 1760 Praefectos,
444 1709 514 1764 quos
540 1691 730 1746 sPraetoriis
749 1693 850 1769 elegit.
895 1695 995 1765 ltaque
1019 1710 1034 1746 c
1120 1691 1239 1746 Tacitus
1263 1699 1396 1758 pueram

174 1765 330 1832 patuactos
348 1763 461 1833 detegit,
480 1781 539 1819 non
554 1770 703 1832 praetores.
740 1761 785 1818 its
811 1767 889 1819 enim
917 1767 948 1818 in
966 1764 1069 1819 Tacito
1088 1763 1310 1838 corrigendum.
1347 1764 1398 1816 Per

176 1835 253 1890 bella
270 1844 367 1890 tamea
387 1836 487 1890 civilia
512 1845 541 1908 et
558 1835 694 1906 Principe
719 1834 804 1890 nullo
822 1837 928 1892 Romae
953 1837 1062 1891 iterum
1080 1837 1230 1891 Praetores
1254 1835 1398 1906 praetecti

176 1906 329 1974 videntur-3
348 1907 504 1978 innuitque
521 1905 639 1962 Tacitus
658 1907 692 1964 ti.
703 1909 730 1973 4,
748 1911 774 1965 9.
792 1906 938 1962 Praetores
955 1907 1062 1962 aerarii
1078 1907 1152 1974 (nans
1169 1915 1232 1962 tunc
1249 1923 1268 1958 a
1286 1906 1399 1962 Praeta-

107 2029 112 2038 .
175 1979 252 2034 rt'but
276 1981 448 2046 tractabatur
471 1981 616 2046 amomum)
640 1977 774 2045 publicans
794 1987 980 2048 pauentatens
1003 1981 1091 2048 questi
1114 1986 1165 2034 etc.
1202 1978 1295 2032 lasits
1322 1979 1397 2032 enim

141 2045 147 2064 '
174 2049 337 2105 admonitio
355 2051 444 2106 tacite
463 2051 600 2116 ostendit,
618 2049 701 2103 aliud
717 2053 810 2106 fuisse
827 2051 923 2106 Taciti
948 2051 980 2104 id
1004 2059 1048 2105 est
1066 2049 1186 2105 Traiani
1210 2065 1291 2105 sevo.
1329 2048 1399 2104 Gel-

176 2122 234 2175 tius
248 2125 298 2188 ¹1³,
317 2124 362 2178 Μ.
381 2123 563 2176 Praefectum
580 2123 725 2176 nominat:
746 2123 823 2180 Quod
837 2139 888 2191 per
902 2125 1072 2179 Quaestum
1090 2123 1161 2186 atsi,
1180 2121 1290 2191 inquit,
1318 2121 1399 2174 intei-

111 2231 113 2236 .
175 2191 235 2259 sest
250 2209 320 2246 nunc
343 2199 449 2262 oportet
465 2193 634 2260 Praefectura
657 2195 789 2249 aerarias
816 2211 876 2248 nans
900 2209 966 2248 cura
983 2193 1090 2248 aerarii
1107 2210 1125 2246 a
1144 2193 1339 2248 Quaestoribus
1366 2193 1401 2244 ad
1428 2223 1429 2230 ι

174 2263 335 2330 Praefectos
351 2264 552 2341 (itsiogsrim,
571 2278 631 2318 non
640 2261 819 2333 Praefectura)
838 2267 974 2320 transtata
992 2271 1040 2322 est.
1067 2265 1230 2319 Praetuisse
1244 2273 1399 2318 autemeos

175 2351 279 2390 censeo
301 2336 454 2394 biennium
473 2352 509 2389 ex
527 2334 583 2389 lusa
607 2337 757 2410 amatione
775 2339 920 2392 Neronis:
948 2345 1029 2392 certe
1048 2337 1168 2408 quidem
1187 2336 1229 2390 ita
1248 2343 1396 2390 sensuum

177 2405 229 2460 sub
256 2406 391 2464 Τιίἰιιιο.
427 2405 539 2461 Plinius
566 2423 633 2478 pun.
659 2423 683 2460 c·
702 2413 746 2466 st.
773 2408 809 2464 de
833 2427 865 2466 se
890 2418 920 2463 et
943 2407 1094 2464 Tertullo:
1121 2407 1244 2463 Nondum
1267 2407 1398 2459 Manium

175 2479 365 2546 compleremus
381 2479 412 2532 in
435 2478 532 2544 afficio
549 2478 764 2534 tabcrs‘asisss'sno
791 2487 818 2534 et
835 2483 958 2547 nmina,
981 2494 1057 2550 quaes
1080 2487 1109 2533 tu
1135 2480 1212 2533 nobis
1236 2479 1399 2530 maculatum

176 2549 309 2604 obtudisti.
347 2549 388 2604 Et
406 2551 520 2604 statim:
539 2549 637 2616 Nabis,
657 2549 811 2619 Praefectis
821 2551 948 2617 .aerars'a,
975 2553 1141 2606 consututmn
1158 2558 1222 2603 ante
1239 2565 1315 2618 ᾳιισιιι
1334 2567 1399 2603 snc-

175 2637 306 2676 cessarens
324 2621 436 2675 dedisti.
473 2621 509 2674 ln
534 2623 599 2678 iura
619 2622 719 2678 crebra
737 2624 848 2679 mentio
867 2626 1083 2678 Praefectoram
1107 2623 1227 2688 aerarii,
1254 2629 1290 2675 ut
1314 2619 1398 2678 1.Ιῖ-

176 2693 211 2750 ds
229 2693 276 2750 isis
295 2711 369 2766 quae
387 2701 422 2748 ut
440 2692 581 2770 indignis,
600 2694 626 2748 1.
645 2697 690 2750 15.
709 2704 740 2751 et
757 2699 801 2754 tt.
830 2695 866 2752 de
884 2698 950 2750 iure
967 2696 1041 2750 tisci.

584 2865 650 2922 ιιι.
687 2868 732 2922 aa
755 2865 836 2938 css.
861 2866 992 2926 xxxa

247 2972 352 3044 Ampls
366 2972 474 3044 popuii
491 2973 572 3029 Rom.
592 2974 764 3052 vectigalis:
784 2974 910 3042 nullum,
929 2991 1041 3042 censeo,
1068 2963 1192 3049 amplius
1218 2991 1263 3044 eo,
1287 2976 1400 3047 quode

177 3047 271 3099 servis
289 3044 473 3116 libertisque.
510 3047 756 3114 Antiquissimum
783 3047 914 3123 vectigal
936 3049 1093 3102 vicesimae
1120 3047 1247 3119 reperio,
1333 3047 1400 3101 ead

177 3115 307 3172 libertos.
344 3117 517 3172 institutum
535 3135 561 3174 a.
580 3117 615 3174 U.
635 3121 696 3175 397.
726 3119 755 3172 le
819 3118 878 3172 luta
894 3137 911 3173 u
930 3117 982 3172 Gn.
1002 3119 1111 3172 Manlio
1130 3137 1188 3174 coa.
1209 3121 1288 3172 Patri
1307 3136 1399 3190 usque

176 3187 342 3242 auctoribus
358 3189 478 3254 tactum,
497 3189 566 3260 quia
577 3205 610 3244 os
620 3190 685 3266 lege
700 3188 760 3243 hau
795 3207 919 3261 parvum
936 3189 1064 3266 vectigal
1083 3191 1165 3263 inopi
1182 3191 1295 3245 amaria
1314 3191 1400 3244 addi-

118 3261 122 3270 *
177 3267 250 3316 tum.
276 3278 304 3315 n.
330 3258 394 3312 Liv.
415 3261 442 3326 ⁷,
462 3263 503 3316 16.
541 3259 585 3317 Ee
612 3261 752 3316 vicesima
781 3278 896 3332 semper
919 3260 1026 3316 exhinc
1051 3265 1180 3316 exercita
1205 3261 1242 3324 ad
1265 3270 1400 3332 tempora

177 3329 347 3400 Principum
366 3331 552 3389 inferiorum.
590 3333 691 3404 ltaque
710 3349 769 3386 non
789 3333 960 3403 infrequens
978 3335 1122 3387 memoria
1141 3335 1172 3386 in
1190 3331 1291 3398 libris3
1317 3342 1349 3388 et
1367 3333 1399 3386 ab

178 3417 220 3455 eur
235 3419 340 3455 aurum
364 3403 584 3458 uicesimarium
611 3403 724 3470 derivo,
789 3404 824 3458 od
848 3403 880 3456 in
907 3404 1053 3458 sanctiore
1077 3405 1189 3458 serario
1213 3403 1249 3458 sd
1276 3403 1398 3458 ultimos

178 3489 259 3526 casus
278 3473 454 3528 serrabatur.
474 3492 502 3526 v.
522 3477 585 3529 Lin.
604 3477 650 3542 27,
670 3479 713 3532 lit·
775 3475 794 3528 d
815 3473 890 3528 hanc
915 3476 1066 3530 vicesimam
1092 3477 1150 3528 insi
1172 3476 1217 3528 nis
1241 3474 1325 3528 locus
1344 3477 1397 3530 Ar·

178 3543 256 3598 risui
273 3544 388 3599 dissert.
407 3545 539 3618 Epicteti
557 3550 584 3615 4,
604 3551 629 3604 1.
682 3543 708 3600 Ὁ
726 3547 824 3608 δοῦλος
841 3547 923 3610 εὐθὺς
946 3549 1055 3618 εὔχεται
1077 3545 1217 3618 cincturae
1239 3547 1397 3618 statana·

178 3613 226 3669 aa
244 3624 286 3679 ets
314 3616 427 3682 donatas,
456 3620 500 3673 ὅτι
522 3625 580 3683 eoi,-
605 3619 780 3678 εἰκοσιώναις
805 3622 942 3686 ἐπιθυμεῖ
962 3620 1065 3674 dodras
1083 3617 1234 3691 ἀργύριονς
1261 3621 1324 3681 aaa,
1343 3617 1395 3670 est·

177 3687 222 3742 bre
244 3691 411 3757 φαντάζεται
438 3699 493 3748 etc.
530 3692 567 3745 ln
590 3707 648 3763 quo
672 3691 737 3745 loco
768 3691 852 3756 vide,
879 3698 913 3742 ut
940 3691 1083 3746 caecutiat
1106 3691 1157 3742 vis·
1181 3690 1253 3744 alias
1285 3691 1394 3743 doctm.

177 3758 253 3812 Nam
271 3761 375 3814 vertit:
396 3761 500 3816 Serius
516 3761 658 3830 inprimis
676 3762 749 3830 cupit
766 3779 796 3815 se
821 3763 920 3816 donari
946 3762 1081 3815 libertate.
1111 3763 1194 3816 Quane
1216 3761 1250 3815 ab
1273 3759 1397 3815 causans!

177 3845 224 3898 aa,
243 3830 307 3900 puia
330 3833 469 3888 desiderat
492 3849 548 3901 pra
573 3841 677 3888 tessera
700 3833 876 3886 vendentibus
900 3842 1040 3900 aegeatsaa
1062 3835 1219 3887 mearet
1253 3833 1325 3898 Nan,
1348 3833 1398 3882 sed

178 3903 244 3970 quic
265 3901 393 3969 opinatur
415 3913 466 3958 etc.
502 3905 543 3959 Et
560 3905 592 3959 in
610 3905 689 3960 notis
708 3906 759 3972 ait,
785 3903 951 3974 sincerrima
969 3923 1040 3972 essa
1104 3907 1198 3959 irem
1224 3905 1297 3958 emit
1313 3902 1398 3957 exhi-

177 3973 240 4026 bito
259 3973 344 4050 signo
361 3984 412 4029 sut
430 3985 551 4043 tessera,
578 3979 770 4031 manumissos
794 3985 891 4031 sutem
917 3994 1014 4032 emere
1036 3977 1153 4046 pulice
1180 3979 1327 4029 frumenta
1344 3991 1397 4046 po-

178 4045 271 4099 tuisse
290 4043 418 4101 exhibitu
437 4057 560 4103 tessera:
579 4048 656 4102 unde
674 4049 789 4102 Persius
806 4051 836 4111 ὅ,
854 4051 898 4106 ts.
915 4049 1070 4103 scabrosam
1088 4048 1222 4100 tesserula
1240 4048 1294 4113 far.
1315 4046 1397 4100 Soan-

178 4117 228 4168 nis
246 4124 275 4170 et
292 4127 467 4194 nugamenta
481 4137 572 4176 mera.
592 4119 716 4198 corrigo
725 4120 757 4173 in
766 4120 892 4173 Arriano
904 4125 961 4182 τοῖς
973 4120 1153 4181 ιΙιοσιώταις.
1172 4118 1305 4174 Glossse:
1325 4117 1397 4171 siao-

179 4187 282 4254 arobcae
299 4189 315 4240 b
333 4192 381 4252 τὰς
401 4191 526 4254 ιίκοσιὰς
542 4189 674 4256 ἀπαιτῶν,
692 4191 880 4244 tricesimarius
889 4192 926 4257 a).
944 4191 1032 4246 Verte
1044 4192 1153 4283 igitur:
1171 4207 1209 4244 an
1222 4191 1288 4258 puia
1299 4189 1397 4242 uicen-

178 4257 273 4310 saariis
291 4267 431 4324 argentum
449 4263 516 4317 dare
534 4261 691 4316 desiderat!
717 4262 797 4317 Idem
816 4262 1003 4330 Amiunusi,
1022 4267 1047 4319 1.
1087 4265 1162 4316 Oeae
1178 4251 1229 4316 οὖν
1243 4263 1398 4334 captanus·

180 4323 226 4380 tat
244 4333 398 4400 στρατηγοῦ
417 4330 696 4405 ressuscitator,
723 4331 810 4393 οὐδὲν
826 4331 969 4404 tranasse
1001 4331 1121 4403 ἐποίησε.
1140 4340 1182 4400 ets
1207 4333 1325 4406 ἔστρεψε
1346 4327 1398 4384 sin
