2872 4786
338 315 346 340 ,
439 213 882 362 admonemur
998 231 1001 236 ’
1211 203 1272 322 aa

44 421 127 478 dicia
146 423 340 490 accceperant.
376 418 467 492 Atqui
485 436 560 475 anno
578 437 634 476 uno
651 425 679 475 et
695 418 833 490 vigeam
850 419 966 476 Gaesar-
980 419 1162 488 Ddaieitmn,
1181 421 1273 476 attero

44 502 73 549 et
92 493 233 578 vigesima
250 492 371 546 Atiniae
388 491 481 545 Pollia
499 493 530 547 (l.
546 493 687 560 catanens,
706 511 760 548 aon
776 493 862 548 mco
880 498 976 548 aetate
993 493 1159 548 antecedent
1168 491 1274 548 cutm
1320 536 1323 550 .

48 567 200 621 Vertacum
225 564 266 618 r'a'a
289 562 466 618 orationibus
489 562 614 619 insecuti
636 571 710 629 sant,
765 580 817 618 aaa
843 564 976 636 badioque
998 579 1059 618 cum
1084 565 1274 619 admiratione
1310 577 1313 584 ’

43 637 178 706 tegimur,
211 635 397 689 traditoria
424 635 491 692 dial.
515 635 551 689 de
576 645 650 690 orat.
671 640 714 692 ³4.
776 653 809 691 ec
826 635 1058 706 multumcitra,
1095 637 1164 706 quia
1188 653 1273 708 repe-
1310 663 1315 669 ·

44 710 93 762 ric
114 709 254 764 Catonem
273 720 348 760 anno
365 703 454 759 mx
471 707 582 772 aetatis,
608 706 773 762 Gracchum
790 707 902 762 xxvn.
932 716 1115 779 quaesturam
1139 709 1290 782 gessisse.¹

45 779 140 833 Plinii
159 778 310 843 locasset,
338 775 494 902 ἛίΧΧῙΙ.
520 775 670 834 adstruere
692 779 829 834 rideatur
852 775 887 832 ad
910 777 1068 832 Traianum
1092 795 1136 847 ep
1157 782 1202 845 lo,
1226 783 1271 838 80.

44 851 122 919 (83.)
142 851 262 904 Cautum
279 855 330 914 eat,
377 847 480 914 omine,
493 847 624 918 Pompeio
642 852 713 918 tege,
733 849 842 922 aequis
861 850 956 918 capiat
980 851 1180 917 magistratum
1205 855 1274 904 aene

44 923 85 976 ait
105 923 137 975 in
163 927 262 974 aerata
279 921 527 974 minocentaurum
544 920 639 976 XXX.
675 922 806 976 Secutum
829 929 872 976 eat
896 921 963 975 dein
990 923 1109 976 edictum
1127 921 1197 975 Divi
1213 921 1273 976 Aa·

44 993 140 1062 gnati,
158 1009 211 1062 quo
227 992 367 1062 premisit,
394 993 516 1046 nunorea
539 994 729 1062 osogistrataa
753 994 787 1047 ab
816 992 901 1047 onnia
924 993 1030 1048 aucta
1057 999 1085 1047 et
1101 991 1206 1062 uiginti
1222 1010 1272 1048 co-

42 1069 125 1189 ffir'e.
165 1062 221 1118 Sed
247 1081 337 1134 quum
361 1064 386 1116 is
404 1063 440 1118 ad
457 1063 626 1134 provinciae
642 1072 671 1120 et
688 1065 809 1150 proprie
827 1065 862 1118 ad
886 1063 1056 1135 Bithyniam
1075 1072 1196 1135 spectet,
1223 1066 1271 1118 ni·

82 1137 93 1189 1
111 1144 204 1190 anuto·
242 1134 322 1202 Quod
339 1151 409 1189 vero
428 1133 537 1190 diserte
560 1135 689 1190 finierim
708 1138 884 1213 vigesumum
910 1137 1056 1206 quintum,
1090 1135 1205 1190 inducit
1223 1140 1276 1192 met

45 1207 105 1262 Dio
123 1207 174 1260 lib.
198 1207 245 1273 52,
271 1208 316 1262 2⁰.
340 1207 393 1276 qui
418 1223 454 1259 cx
476 1205 594 1262 decreto
621 1207 795 1262 Maecenatis
821 1205 920 1282 (quod
943 1216 1057 1264 secutus
1080 1205 1157 1261 haud
1185 1205 1271 1262 dubie

47 1279 164 1344 Caesar,
183 1284 243 1343 aut,
270 1283 305 1328 ut
328 1277 433 1330 melius
458 1277 561 1344 dicam,
589 1279 800 1334 accommodata
827 1275 954 1333 a'Dione
972 1286 1033 1334 tota
1052 1279 1144 1332 oratio
1164 1277 1217 1332 illa
1235 1277 1271 1332 ad

45 1353 175 1404 formam
199 1348 273 1419 reip.
291 1347 466 1423 Augusteae)
485 1349 646 1405 senatoriae
665 1351 752 1405 aetati
770 1349 873 1405 definit
891 1367 998 1403 annum
1007 1351 1091 1404 XXV.
1112 1349 1270 1416 Quaestura

46 1428 144 1475 autem
163 1419 277 1493 primus
295 1420 401 1494 gradus
420 1421 616 1476 incenatum:
642 1421 695 1476 illa
712 1436 782 1507 ergo
801 1423 889 1477 ctiam
908 1420 1072 1493 quaestoria
1086 1428 1172 1478 aetas.
1202 1421 1271 1478 Col·

45 1494 123 1572 ligas
144 1500 174 1548 et
191 1507 251 1545 non
269 1489 390 1546 obscure
409 1491 486 1546 idem
506 1510 542 1546 ex
560 1491 581 1548 1.
601 1497 626 1550 1.
663 1493 699 1548 de
722 1492 907 1548 munoribus(

472 1599 505 1656 V.
542 1601 588 1654 ad
614 1599 696 1670 Gap.
723 1599 851 1656 XXXI.

90 1729 99 1746 .
117 1689 270 1758 Maoeipea
285 1687 344 1756 laic,
374 1690 426 1762 qui
449 1691 511 1746 rias
529 1690 661 1764 publicas
679 1690 847 1746 reficiendas
870 1697 1005 1763 quaestus
1025 1691 1070 1746 sui
1088 1707 1173 1744 causa
1190 1689 1270 1744 redi-
1349 1701 1351 1708 ⁴

45 1759 173 1818 mebant.
211 1761 259 1833 ily
281 1761 363 1815 inus:
381 1761 447 1814 niae
462 1763 591 1831 publicae
605 1768 632 1816 et
649 1766 796 1816 curatores
813 1763 991 1830 ecetptaaret
1009 1779 1063 1831 per
1080 1762 1270 1828 redernptorea

44 1833 220 1887 maricam.
298 1833 345 1903 pis
366 1833 474 1886 Romae
501 1853 548 1905 ap.
569 1836 654 1890 Grac.
678 1851 708 1904 p·
727 1835 790 1901 622,
813 1837 840 1890 l.
868 1835 917 1888 Urs.
938 1834 1069 1889 Cornelio
1089 1833 1140 1886 Co.
1159 1835 1181 1900 f.
1200 1833 1268 1890 sat.

44 1903 171 1972 mancipi
188 1906 249 1958 viae
267 1903 386 1973 Appiae.
423 1903 480 1958 Sed
497 1907 549 1977 qui
566 1905 773 1974 magistratus?
805 1904 898 1959 Credo
916 1907 1044 1959 minores
1068 1906 1088 1962 i.
1108 1922 1132 1961 e.
1154 1913 1270 1959 curato·

44 1977 238 2041 mariarum,
258 1975 520 2053 quiabtlugusto.
558 1977 634 2033 olim
654 1975 826 2032 censoribus
849 1977 965 2031 riarum
983 1993 1064 2030 cura.
1101 1975 1206 2030 Cicero
1233 1975 1269 2030 de

43 2046 174 2124 Legibus
192 2051 218 2109 ³,
237 2050 264 2104 3.
297 2046 432 2101 demorer
453 2046 539 2101 Urbis
562 2048 674 2118 irrepta,
706 2047 783 2115 oica
805 2063 902 2118 aquas,
929 2047 1082 2112 cerasiaco,
1113 2046 1269 2112 uectigalia

44 2124 168 2172 tueotor.
205 2115 316 2173 Deinde
337 2119 520 2175 Quatuoroa'ra'
547 2120 689 2186 instituti,
715 2133 840 2192 quoram
858 2120 980 2192 propris
999 2119 1156 2174 idmunas.
1184 2120 1269 2172 Pom-

41 2192 152 2262 ponius
170 2187 206 2244 de
224 2191 339 2268 origine
357 2190 430 2244 iuris
448 2189 471 2256 i·
490 2193 534 2248 3⁰.
572 2193 677 2248 notem
694 2197 819 2260 tempore
837 2196 864 2243 et
885 2189 1080 2256 Quotaorotrt,
1106 2190 1154 2259 qai
1171 2205 1270 2242 caram

43 2263 159 2315 marana
176 2269 314 2328 gererent,
333 2261 489 2316 constituti.
533 2261 660 2336 Tempus
685 2262 831 2340 intelligit
854 2270 921 2334 post
948 2270 1076 2317 creatam
1101 2269 1269 2333 praetorem
1300 2282 1303 2292 ·

41 2332 641 2474 §titten‘tini'ittulit
654 2333 1117 2462 ”itdliiii‘iu‘oiabiibiii
1135 2334 1269 2458 'tiabit

43 2475 105 2540 sed,
125 2491 183 2530 non
207 2473 421 2530 sufficientibus
445 2476 492 2544 iis,
521 2447 612 2530 additi
638 2475 694 2530 duo
717 2424 846 2546 iacqtique
863 2423 972 2541 Uermi,
996 2477 1042 2529 uti
1069 2477 1175 2531 docebo
1200 2491 1270 2530 mox

42 2565 82 2601 ex
100 2547 203 2601 Dione.
240 2545 338 2601 Etiam
357 2547 511 2602 carorma
529 2555 611 2602 extra
629 2547 761 2602 ordinem
781 2548 901 2616 reperti,
919 2561 992 2618 quos
1011 2545 1192 2602 destinabant
1209 2549 1269 2603 sin·
1351 2573 1353 2576 ·

42 2616 126 2694 galis
143 2619 211 2672 viis.
249 2618 293 2671 Ita
317 2619 423 2673 Caesar
448 2619 573 2672 curator
601 2619 665 2673 r'iae
684 2615 800 2702 'Appiae
824 2615 980 2674 Plutarcho
1005 2616 1117 2669 dicitur
1144 2618 1176 2669 in
1205 2618 1269 2672 eius

40 2689 108 2743 vita
127 2705 152 2743 c.
171 2693 198 2746 ὅ.
234 2689 380 2744 Thermus
403 2689 566 2744 Flaminiae
592 2689 729 2744 Uiceronu
747 2687 783 2740 ad
800 2687 860 2742 Aa.
880 2691 906 2754 1,
925 2690 950 2743 1.
983 2685 1132 2764 Augustus
1151 2687 1268 2754 deinde,

42 2777 99 2831 qao
120 2761 218 2830 piures
238 2767 352 2831 partem
378 2761 622 2816 administrandae
644 2759 716 2829 reip.
735 2766 874 2828 caperent,
901 2757 956 2825 (ait
979 2755 1135 2814 Suetonius
1168 2773 1192 2814 c.
1211 2759 1270 2828 37.)

41 2847 118 2884 noea
144 2829 452 2901 cfficio‘eccogr'tcoa't,
488 2849 587 2887 curam
613 2847 725 2902 operum
753 2832 939 2900 publicorum,
970 2829 1090 2894 mamm,
1119 2845 1275 2898 aquarum„

40 2902 102 2956 Sed
121 2903 264 2974 womodo
281 2921 361 2972 oona,
390 2907 416 2958 si
441 2909 499 2961 iam
523 2913 592 2960 ante
616 2903 947 2972 Quamcrviriviarum,
967 2899 1185 2954 siceratores?
1223 2901 1270 2956 Si·

41 2975 110 3028 lent
128 2972 315 3040 scholiastae;
334 2975 383 3031 sed
401 2994 471 3032 vera
489 2977 584 3030 dicam
602 2992 665 3052 ego.
704 2973 858 3028 Curatores
877 2981 945 3027 ante
964 2973 1136 3048 nugaretum,
1154 2974 1267 3040 fateor,

41 3045 96 3100 sed
116 3061 171 3099 nec
187 3056 363 3118 perpetuum
383 3047 424 3114 id,
447 3065 503 3102 nec
527 3055 640 3102 certum
659 3062 773 3102 munus.
817 3045 901 3099 Fecit
923 3049 1080 3116 utramque
1105 3043 1266 3122 Augustus.

42 3117 127 3185 Quod
145 3115 181 3170 ad
200 3117 247 3175 Ν.
267 3119 358 3186 viros,
377 3119 462 3186 scito,
482 3118 639 3173 discretum
656 3137 673 3172 a
691 3117 880 3172 (iuratoribus
905 3131 1007 3170 eornm
1032 3129 1146 3169 munus.
1194 3114 1269 3181 Qua-

42 3187 175 3242 tuorriri
192 3190 255 3242 rias
273 3189 361 3244 Urbis
388 3191 545 3256 curabantt
570 3191 727 3246 curatores
746 3207 802 3254 eas,
822 3205 895 3259 quae
914 3195 997 3242 extra
1014 3188 1124 3241 urbem.
1160 3185 1269 3242 Docuit

40 3277 91 3313 me
110 3257 169 3312 boc
185 3257 241 3314 Dic
259 3263 305 3327 tt,
324 3263 367 3316 li.
387 3262 423 3316 de
440 3262 641 3339 Vigintiviris,
674 3260 725 3314 ubi
749 3261 829 3314 clare
848 3259 1004 3331 scriptum,
1034 3257 1178 3314 aseritis
1205 3259 1269 3313 ria-

41 3349 112 3384 rum
130 3339 243 3385 amotos
260 3332 294 3385 ab
306 3331 350 3384 Au
394 3341 438 3387 sto
457 3333 538 3400 duos,
558 3333 609 3403 qui
627 3331 690 3386 rias
705 3330 843 3386 curabant
862 3337 944 3384 extra
961 3345 1073 3398 muros,
1106 3326 1197 3396 (τούς,
1215 3329 1268 3397 ait,

41 3403 98 3464 ἔξω
123 3409 174 3455 τοῦ
198 3406 304 3472 τείχους
334 3399 417 3466 bobr
444 3401 545 3474 ἒγχειρι
560 3405 691 3477 optram)
718 3409 849 3456 retentos
878 3409 1011 3472 quatuor,
1047 3403 1099 3472 qui
1123 3402 1154 3454 in
1178 3401 1267 3456 Urbe.

40 3474 128 3558 Ergo
148 3471 199 3526 sab
217 3475 349 3551 Augusto
367 3485 397 3529 et
415 3475 569 3530 Curatores
588 3477 702 3529 riarum
730 3481 759 3527 et
778 3473 974 3540 Quatuorriri,
998 3489 1122 3542 quorum
1147 3491 1269 3526 munera

41 3545 119 3598 locas
137 3545 361 3622 regionibusque
379 3545 529 3608 distincta„
562 3545 601 3599 Et
619 3547 768 3624 digniores
787 3561 854 3599 sanc
872 3544 1039 3614 Curatores,
1070 3546 1138 3616 qaia
1156 3545 1188 3598 in
1206 3545 1268 3598 rias

41 3615 112 3669 illas
130 3617 255 3690 pendes
274 3625 356 3672 extra
373 3618 483 3673 Urbem
503 3627 635 3690 sumptus
655 3628 683 3672 et
701 3617 792 3671 moles
811 3615 913 3669 maior.
950 3615 1020 3670 ideo
1039 3615 1150 3670 Plinius
1169 3623 1270 3693 gratu·

40 3687 125 3740 latur
144 3685 274 3740 Cornuto
293 3687 328 3743 de
347 3705 381 3742 eo
399 3707 520 3744 munere
539 3707 582 3762 ep·
602 3691 629 3754 5,
651 3693 692 3746 lti-
729 3691 911 3743 discesseram
928 3686 958 3739 in
975 3687 1167 3756 manicipium,
1185 3701 1270 3758 qaum

39 3753 117 3811 mitt·
136 3759 294 3814 sandalum
311 3765 361 3826 est,
395 3761 549 3814 Cornutum
574 3758 729 3814 Termitum
755 3759 896 3828 accepisse
913 3758 1057 3812 Aetnilioe
1079 3759 1142 3812 niae
1160 3773 1268 3811 curam.

41 3830 208 3897 Εητίωονι
234 3847 288 3885 noa
308 3847 435 3900 porcum,
464 3839 564 3902 quanto
591 3834 646 3885 as'm
671 3832 778 3901 gaudio
797 3833 915 3898 affectas
940 3837 967 3883 et
985 3830 1077 3900 ipsius
1095 3836 1123 3883 et
1139 3846 1200 3884 aneo
1219 3846 1269 3883 oo-

40 3901 128 3956 ma'ne.
149 3899 193 3954 ct.
212 3899 326 3956 Statius
339 3905 468 3958 Plotium
486 3903 636 3958 dilanians
654 3904 726 3959 silv.
746 3905 773 3968 4,
791 3905 819 3966 t,
841 3905 884 3958 tt.
921 3901 962 3954 Et
986 3903 1017 3955 in
1042 3901 1187 3971 lapidibus
1204 3919 1269 3974 pas·

41 3974 101 4025 sim
131 3971 211 4026 inter
242 3973 316 4028 alios
351 3973 475 4030 bonores
519 3976 700 4048 insculptum
732 3972 964 4028 cunarom
1006 3971 1175 4026 VIARUM
1218 3980 1268 4026 aut

39 4044 208 4114 plurimum
236 4045 464 4102 cunarum
500 4047 606 4099 vtae}
642 4044 825 4112 APPIAE,
858 4044 996 4110 Salariae,
1025 4043 1187 4098 Flaminiae
1212 4051 1266 4096 etc.

41 4115 211 4169 nominibus
231 4119 385 4187 expressis,
404 4119 554 4189 quietare
574 4119 730 4174 Curatores
749 4117 888 4172 dabantur
907 4118 996 4172 cerlis
1014 4117 1083 4182 viis,
1102 4117 1153 4169 ani
1171 4115 1269 4186 pluri-

40 4185 141 4242 bnsrc.
183 4187 224 4240 Et
250 4187 304 4242 hos
329 4190 448 4260 quidem
474 4189 630 4244 Curatores
657 4191 749 4244 fuisse
776 4206 917 4253 censeam,
948 4206 965 4244 a
991 4187 1095 4260 quibus
1120 4189 1268 4257 mancipes

41 4255 234 4324 redimebant,
263 4267 292 4314 et
311 4277 435 4331 quorum
455 4263 637 4338 negligentia
655 4259 706 4314 bic
723 4260 848 4332 culpata.

77 4346 110 4415 Β)
137 4347 172 4402 ln
189 4347 273 4404 Varr.
299 4349 412 4426 legitur
429 4349 569 4430 Ptabbtias
594 4349 675 4406 meaa
698 4357 726 4406 et
747 4349 901 4406 coenans
926 4349 1016 4419 nisan
1049 4347 1124 4418 qast
1147 4347 1184 4403 st
1208 4343 1270 4399 teir
