2878 4802
221 183 368 250 CAPUT
388 183 512 250 LXIII.
534 177 659 252 LXIV.
688 175 742 264 (A'.
764 183 804 250 ΙΙ.
826 184 899 252 818.
926 183 965 249 Δ.
989 181 1025 250 G.
1046 183 1113 266 65.)
1216 187 1279 254 449

45 347 173 408 walth.
193 349 239 407 Gi.
258 351 295 408 sd
312 354 338 418 2,
358 354 403 418 22,
420 352 447 407 2.
480 359 511 406 et
532 350 601 428 Agr.
619 351 663 408 21.
689 365 719 404 ιι.
738 355 764 408 3.·
785 383 819 396 -
854 349 919 407 Ner
937 349 1067 422 ipoidebo
1090 351 1224 421 exemplo,
1247 369 1276 406 v.

45 425 86 477 ad
107 429 137 492 1,
155 427 204 491 22,
223 429 248 482 3.
269 457 303 470 -
339 423 387 478 Sit
405 421 488 477 buius
505 429 563 476 tam
581 423 669 490 fortis
686 422 779 478 esitus
807 453 840 466 —
875 425 906 478 in
931 429 977 479 tuo
1000 425 1063 491 fine,
1086 441 1115 478 r.
1134 423 1170 478 ad
1186 427 1214 492 2,
1232 428 1278 490 ll,

46 501 73 552 1.
97 505 132 550 et
150 495 186 550 ud
202 496 276 572 Agr
296 500 321 554 b·
340 515 368 548 ιι.
388 499 414 552 2.

128 573 155 625 3.
175 567 292 622 broebia
309 569 411 634 (senas
430 565 544 634 earum)
567 569 647 634 ferre
665 566 818 634 exsolvunt,
841 584 871 621 r.
890 565 926 621 ad
949 569 976 632 4,
1000 568 1045 633 22,
1067 568 1095 622 2.
1120 595 1153 610 -
1191 581 1294 636 pareo¹

46 640 130 694 uictu
148 639 206 696 MS.
225 640 308 695 Flos.
327 657 345 692 s
361 657 399 692 m.
420 657 465 710 pr.
486 638 548 693 edd
567 639 659 712 aych.
685 639 743 692 luc.
768 638 860 702 Gran.
885 637 968 692 Brut.
992 653 1082 708 pareo
1105 639 1181 692 trictu
1199 636 1277 696 MSS.

45 713 139 766 mor.
158 731 175 766 ιι
193 730 233 769 m.
253 729 309 770 aec.
331 711 380 765 sed
397 718 456 766 vet.
485 713 573 776 (teste
598 711 655 764 lae.
680 711 785 777 Gran.)
811 709 881 787 Reg.
906 711 960 764 les.
974 708 1056 763 llud.
1082 708 1181 764 Guelf.
1206 711 1278 787 Agr.

46 783 120 838 edd.
139 785 205 838 Put.
224 788 248 840 1.
268 788 296 842 2.
316 785 382 837 Ber.
410 780 461 848 (ad
485 799 571 852 quum
598 783 681 836 siluit
704 781 794 849 Vict.)
822 791 850 836 et
874 789 929 836 cet.
948 779 1063 848 „Servo
1078 797 1184 850 paruos
1210 799 1280 835 nam

46 855 230 910 non-solum
251 873 355 928 parum
381 853 442 908 cibi
464 847 620 926 sumpsisse
646 853 765 922 indicat,
792 853 843 908 sed
865 855 954 908 etism
979 861 1105 920 tenuem,
1131 852 1237 916 lesem,
1262 871 1280 908 a

93 943 113 980 ο
138 945 243 1000 parum
268 927 444 981 nutrimenti
469 943 502 980 ae
527 926 606 980 succi
628 927 752 980 venerit.
788 925 832 981 Gi.
859 933 920 997 esp.
946 926 982 980 lli
1008 932 1083 981 extr.
1114 925 1150 979 de
1178 925 1279 980 eodem

70 1017 182 1054 enecas
206 997 381 1070 persimplici
404 999 478 1052 uictu
502 1003 530 1052 et
548 999 711 1066 agrestibus
727 996 815 1068 pomis
840 1011 874 1050 ac
891 1023 926 1036 ·-
945 1012 1020 1066 aquo
1037 996 1125 1050 uitam
1141 996 1280 1050 tolerat.“

46 1071 127 1126 Erre.
165 1069 222 1125 Sed
243 1087 360 1140 parvum
383 1071 487 1124 uictum
511 1068 563 1122 vix
580 1070 738 1140 ,quisquam
762 1084 795 1126 se
823 1085 909 1122 sensu
935 1068 1053 1126 dixerit.
1096 1084 1197 1136 corpus
1219 1084 1280 1122 eum
1349 1121 1352 1126 .

44 1159 145 1210 paruo
162 1143 220 1196 ictu
238 1149 380 1197 tenuatum
397 1142 440 1196 ed.
460 1141 536 1212 Spir.
556 1173 590 1184 -
624 1149 705 1212 utque
721 1143 783 1212 ipse
799 1139 930 1194 uisendos
949 1139 981 1192 in
999 1137 1057 1196 MS.
1077 1139 1176 1196 Gueli.
1196 1146 1280 1210 atque

47 1214 119 1282 ipso
144 1215 273 1278 visendo,
302 1216 335 1267 in
363 1212 408 1268 ed.
436 1211 515 1286 Spir.
552 1219 636 1340 cipue
663 1213 724 1283 ipse
749 1230 783 1268 ne
806 1213 930 1270 visendo.
957 1242 990 1254 -
1027 1211 1215 1266 delaberetur:
1246 1212 1279 1264 in

49 1286 99 1342 ed.
122 1284 200 1358 Spir.
220 1286 400 1340 dilaberetur.
421 1283 465 1340 Ol.
487 1287 523 1340 ad
540 1287 567 1352 4,
605 1290 632 1346 3,
649 1287 676 1342 3.
696 1293 725 1340 et
742 1289 769 1352 4,
790 1287 834 1348 74,
853 1287 880 1341 2.
900 1285 942 1328 -’
971 1279 1070 1336 suadet
1087 1283 1118 1337 io
1135 1283 1215 1336 aliud
1232 1297 1280 1336 cu-

49 1359 177 1411 biculum
198 1359 346 1414 obscedere
371 1355 449 1412 MSS.
476 1355 516 1411 Re
539 1395 546 1410 .
573 1356 646 1410 Bud.
666 1355 720 1422 (in
747 1359 813 1429 quo*
829 1353 981 1422 obscedei)
1000 1355 1096 1410 Gueli.
1116 1355 1180 1410 edd.
1198 1352 1279 1425 Spin.

50 1427 297 1488 Prienensi.
323 1428 373 1495 (sd
391 1424 477 1500 quum
495 1376 579 1484 siluit
596 1427 686 1495 Vici.)
710 1427 802 1482 libem
822 1433 847 1485 1.
872 1429 945 1482 Em.
973 1425 1052 1482 Brot.
1079 1445 1141 1497 sqq.
1180 1427 1279 1479 suadet

49 1499 86 1552 iu
106 1516 134 1552 a.
153 1516 178 1556 c.
198 1501 358 1556 abscederet
376 1501 439 1556 edd.
458 1500 549 1556 Rhen.
568 1503 594 1556 2Ι
616 1504 642 1557 3.
662 1509 692 1555 et
710 1508 764 1556 cet.
786 1527 818 1538 -
851 1499 1048 1570 suppeditante
1067 1499 1232 1568 eloquentia,
1250 1514 1278 1550 v.

51 1571 91 1624 ad
110 1574 139 1634 4,
157 1575 229 1639 4,2
251 1605 283 1618 -·
320 1573 467 1628 aduocatis
484 1573 670 1642 scriptoribus
694 1573 830 1641 pleraque
854 1573 894 1638 (v.
915 1573 950 1627 ad
968 1573 995 1636 3,
1014 1572 1060 1636 28,
1078 1570 1122 1638 4.)
1149 1569 1280 1632 tradidit,

51 1657 129 1711 quae
146 1644 177 1697 io
193 1646 297 1715 vulgus
314 1647 390 1698 edito
407 1646 468 1697 eius
484 1645 577 1698 uerbis
595 1646 733 1698 invertere
750 1644 929 1713 supersedeo?
959 1642 1055 1710 „Haeo
1074 1657 1210 1712 suprema
1228 1639 1295 1694 Se-·

51 1730 145 1768 necue
171 1715 269 1782 verba,
294 1717 328 1770 ab
350 1718 495 1771 aduocatis
519 1715 709 1784 scriptoribus
736 1733 805 1770 exce
826 1724 854 1770 ta
879 1724 908 1770 et
926 1715 1054 1792 vulgate,
1083 1711 1126 1778 (u.¹
1140 1729 1203 1783 cap.
1222 1713 1279 1776 bl.)

50 1787 173 1838 utinam
203 1789 375 1843 invertisset
398 1787 530 1842 Tacitus!
566 1785 597 1840 si
625 1803 684 1840 ιιοιι
715 1789 778 1858 ipsu
803 1733 929 1841 genuere
954 1785 1054 1851 verba,
1085 1783 1188 1838 saltem
1214 1783 1279 1853 ipso

51 1857 148 1933 digna
166 1867 197 1912 et
215 1860 370 1936 magnilica
387 1858 568 1914 haberemus.
587 1857 758 1932 xiphilinus
784 1860 829 1924 62,
848 1861 891 1916 25.
917 1857 1027 1911 librum
1045 1875 1062 1908 a
1079 1853 1187 1909 Seneca
1205 1855 1280 1908 scri·

48 1937 142 2048 Eum
162 1938 191 1984 et
209 1931 393 1986 emendatum
411 1930 673 1986 comminiscitur.“
691 1931 774 1984 Brot.
803 1929 974 2001 'Scriptores
998 1936 1105 1992 autem,
1134 1926 1185 1996 qui
1208 1925 1279 1980 haee

81 2003 287 2058 necessatis
304 2003 476 2080 vulgarunt,
495 2009 528 2054 ut
546 2001 626 2056 Plato
651 2002 705 2056 illa
723 2001 860 2067 Socratis,
888 2017 946 2054 ιιοιι
965 1999 1091 2070 amplius
1111 2005 1277 2068 supersunt.

51 2069 220 2134 „inuertere
238 2082 281 2130 est
299 2075 339 2131 id.
359 2075 406 2145 qd.
425 2083 613 2140 commutare,
632 2073 730 2127 verbis
743 2073 928 2127 commutatis
947 2071 1056 2138 dicere,
1077 2071 1136 2122 suis
1152 2069 1279 2140 adeoque

52 2141 125 2193 aliis
144 2147 239 2200 uerbis
264 2163 395 2212 narrare,
425 2162 484 2199 non
502 2155 684 2216 pervertere,
714 2156 912 2216 corrumpere,
931 2151 965 2196 ut
982 2143 1096 2212 accepit
1112 2140 1277 2196 Rhenanus.

49 2209 219 2293 Sic-oratio
237 2213 374 2272 conuersa
395 2222 422 2270 et
448 2223 553 2270 mutato
576 2218 597 2272 i.
618 2235 643 2271 e.
667 2217 733 2271 aliis
758 2225 845 2288 utque
871 2214 937 2270 aliis
962 2215 1059 2268 uerbis
1079 2229 1213 2283 expressa
1231 2229 1292 2336 ap

53 2281 120 2336 010·
138 2287 239 2353 partit
259 2305 284 2342 e.
304 2289 349 2345 7.“
367 2289 437 2342 lira.
475 2287 671 2354 „Ricklelsius
689 2288 759 2344 bene
783 2287 931 2343 convertit
957 2284 1171 2340 umstellen.
1206 2285 1279 2338 vis

49 2354 143 2408 uerba
174 2357 286 2413 inverso
311 2379 356 2432 ap.
381 2359 499 2414 Terent.
524 2361 678 2414 Heautont.
705 2363 733 2420 2,
758 2363 786 2423 2,
812 2359 892 2416 131.“
924 2355 1029 2413 Woltb.
1067 2363 1192 2410 evertere
1219 2355 1277 2412 MS.
1390 2353 1393 2360 ’

52 2427 100 2479 Re
124 2469 130 2482 .
161 2434 191 2479 tt
217 2429 260 2480 ed·
286 2431 305 2486 S
328 2433 364 2485 ir.
392 2433 532 2486 innectere
556 2431 682 2484 malebat
700 2430 793 2484 Rben.
817 2432 960 2484 insertare
978 2429 1127 2494 Heinsius,
1155 2429 1278 2482 inserere

53 2517 92 2554 ve
123 2499 230 2564 intem
249 2499 288 2552 Hi
316 2517 355 2554 ur.
375 2521 481 2558 recem.
502 2505 546 2560 15.
584 2501 920 2570 superadmiratus.
943 2507 1019 2554 teste
1037 2499 1136 2554 Furia·

496 2609 518 2658 G
536 2608 563 2664 A
579 2609 601 2661 P
617 2607 645 2663 U
662 2607 688 2661 'l'
724 2608 846 2665 LXIV.

140 2677 187 2742 At
207 2677 313 2756 Nero,
335 2676 430 2740 nullo
451 2677 487 2738 in
509 2677 681 2741 Paulinam
701 2679 844 2766 'proprio
865 2678 954 2758 odio,
986 2697 1025 2739 uc
1052 2697 1094 2741 ne
1121 2675 1279 2763 glisceret

52 2759 188 2824 inuidia
215 2761 434 2838 crudelitatis,
462 2761 614 2823 inhibere
645 2773 798 2827 mortem.
851 2759 1078 2826 Hortantibus
1114 2759 1277 2822 militibus

51 2847 150 2908 servi
175 2846 357 2927 libertique
384 2845 535 2930 obligant
560 2845 708 2924 brachia,
743 2855 901 2928 premunt
932 2845 1137 2930 sanguinem,
1169 2841 1278 2904 ineer-

51 2936 139 2990 tum
159 2949 201 2990 un
228 2931 383 3014 ignarae:
412 2947 498 3004 naus,
519 2935 558 2989 ut
580 2937 631 2990 est
655 2931 774 3028 vulgus
806 2929 849 2992 ad
876 2928 1046 2993 deteriora
1071 2935 1277 3011 promptum,

51 3030 126 3072 non
148 3011 286 3078 deluere
307 3013 366 3092 qui
387 3009 574 3088 crederent,
597 3011 702 3076 donec
721 3013 963 3095 implacabilem
984 3011 1155 3074 Neronem
1176 3013 1278 3070 timu-

51 3097 135 3170 erit,
156 3099 277 3158 famum
299 3096 442 3158 sociatae
463 3113 538 3156 eum
561 3097 683 3156 marito
704 3098 824 3158 mortis
846 3098 1015 3178 petivisse,
1036 3091 1278 3156 deindeoblata
1370 3159 1373 3168 λ

51 3179 196 3242 mitiore
228 3196 287 3260 spe
314 3175 547 3240 blandimentis
578 3179 670 3240 vitae
697 3179 849 3240 evictam.
895 3177 959 3242 Cui
987 3175 1118 3241 addidit
1154 3194 1276 3259 paucos
1311 3250 1315 3259 .

50 3267 175 3340 postea
195 3281 309 3341 annos,
331 3259 493 3326 laudabili
518 3261 554 3320 in
582 3263 740 3322 maritum
769 3265 930 3325 memoria
957 3270 992 3324 et
1020 3280 1080 3324 ore
1108 3279 1147 3322 ee
1175 3279 1277 3320 mem-

51 3341 129 3402 bris
158 3347 195 3406 in
222 3365 298 3408 eum
327 3345 488 3427 pallerem
521 3343 730 3418 albentibus,
767 3351 807 3407 ut
835 3347 982 3408 ostentui
1011 3351 1099 3406 esset
1133 3343 1277 3404 multum

49 3425 172 3487 vitalis
203 3431 343 3508 spiritus
375 3435 536 3514 egestum.
585 3426 709 3490 Seneca
741 3429 890 3506 interim,
923 3427 1065 3490 durante
1095 3434 1211 3488 tractu
1243 3433 1278 3486 et

49 3505 259 3570 lentitudine
280 3511 411 3590 mortis,
434 3508 578 3572 Statium
598 3511 772 3572 Annaeum
794 3510 854 3572 diu
875 3512 940 3575 sibi
962 3511 1129 3572 amicitiae
1157 3507 1222 3571 fide
1243 3515 1278 3568 et

50 3599 132 3651 arte
153 3591 336 3654 medicinae
357 3593 535 3675 probatum
558 3602 644 3671 orat,
666 3596 841 3676 provisum
862 3592 992 3677 pridem
1014 3611 1190 3671 venenum,
1212 3610 1277 3674 quo

50 3673 205 3736 damnati
226 3675 362 3757 publico
382 3675 638 3740 Atheniensium
658 3676 787 3739 iudicio
809 3679 1114 3764 exstinguerentur,
1143 3693 1278 3758 prome-

51 3765 128 3834 ret,
150 3759 353 3840 allatumque
373 3759 485 3820 hausit
505 3762 633 3822 frustra
663 3761 807 3848 frigidus
828 3762 896 3822 iam
916 3771 1009 3824 artus
1031 3767 1065 3819 et
1086 3759 1175 3820 cluso
1204 3776 1279 3820 cor-

50 3861 141 3922 pore
161 3839 340 3906 adversum
365 3844 436 3906 vim
462 3845 592 3906 veneni.
635 3838 808 3908 Postremo
837 3851 992 3942 stagnum
1021 3840 1148 3905 calidae
1175 3857 1280 3923 aquae

52 3923 191 3987 introiit
210 3945 409 4013 respergens
429 3929 601 4011 proximos
624 3947 802 3990 servorum
829 3925 941 3990 addita
962 3944 1062 3988 uoce:
1094 3921 1218 3989 Libora
1244 3942 1278 3984 se

53 4005 209 4088 liquorem
239 4009 329 4072 illum
351 4027 421 4071 ιοιι
450 4029 653 4074 ιιιιιιιιτοιιι.
695 4010 780 4072 Exin
807 4009 924 4072 balneo
951 4009 1064 4071 illutus
1092 4016 1128 4070 et
1151 4025 1278 4090 uapore

53 4089 130 4151 eius
152 4094 356 4156 exanimatus
377 4095 450 4156 sine
471 4094 541 4156 ullo
562 4096 691 4156 funeris
708 4093 855 4172 ,sotlenni
882 4100 1063 4157 crematur.
1106 4090 1158 4154 Ita
1186 4087 1274 4151 eodi-

54 4173 146 4234 cillis
167 4178 441 4258 praescripserat,
462 4197 565 4259 quum
584 4179 687 4242 etiam
714 4184 787 4241 tum
812 4175 988 4260 praedives
1015 4185 1050 4238 et
1077 4180 1275 4258 praepotens

52 4257 226 4339 supremis
242 4257 312 4318 suis
333 4259 533 4325 consuleret.

90 4365 160 4436 opp.
174 4366 240 4421 ros.
259 4365 291 4421 r.
299 4365 338 4420 ιι.
647 4381 650 4392 ·
837 4405 842 4414 .
1006 4337 1049 4406 29
