2872 4786
318 239 575 308 0110011111.
599 239 652 322 (a.
673 235 713 306 0.
736 239 810 310 ela
833 239 872 328 1.
890 239 926 308 0.
942 242 1010 321 ss.)
1165 257 1166 266 ¹
1206 239 1284 310 100-
1319 287 1320 292 .

48 421 109 467 tem
129 417 211 466 vetat
228 410 320 477 credi,
348 407 558 482 spectaculum,
582 407 777 480 aequabit.
797 410 907 535 apitur,
931 407 1041 534 duplet
1056 409 1158 478 101010,
1182 427 1268 486 gym-
1331 381 1335 390 .
1362 399 1368 413 ’

46 485 149 538 uicum
180 492 209 538 et
234 483 400 536 musicum?
435 481 507 536 Tale
534 483 596 536 tuit
627 484 843 554 quinquennae
871 483 969 554 Neapo
985 484 1147 548 itanorum,
1184 483 1267 536 cuiue

47 555 185 610 meminit
204 552 308 608 Strabo
326 554 378 608 lib.
397 554 431 606 V.
480 591 487 604 .
506 556 568 610 146.
605 553 695 607 Aliud
718 553 935 625 quinquennale
958 570 992 607 ac
1014 554 1126 623 triplex
1152 551 1268 625 Capito-⁵

47 627 112 680 lino
139 625 206 678 lovi
233 626 402 678 institutum
428 643 444 678 a
489 625 640 692 omitiano,
665 626 820 692 musicum,
851 633 995 696 equestre,
1023 625 1204 702 gymnicum.
1237 642 1267 677 v.

46 697 128 752 Suet.
147 695 233 751 Dom.
253 713 278 749 c.
297 700 324 753 4.
362 695 456 762 Quum
475 713 546 750 vero
564 697 727 766 antiquitus
755 704 869 750 tantum
888 705 939 750 aut
963 699 1121 768 praecipue
1147 696 1268 750 cestibus

48 771 80 822 in
100 767 151 821 his
169 767 249 820 ludia
268 775 440 833 certaretur,
468 768 502 821 ab
520 767 567 821 his
586 768 679 821 dictae
704 766 796 822 adbuc
814 767 942 833 eeatieoa,
990 785 1132 838 uunquam
1151 767 1267 820 inillis

48 849 79 894 et
97 839 182 893 vocis
200 837 366 908 periculum
384 839 479 904 tieret,
497 838 576 892 nihil
593 837 718 892 absurdi.
738 839 819 916 Ergo
837 841 956 966 nutriata
970 786 1063 894 ‘lectio
1082 854 1139 891 non
1155 845 1268 891 temere

46 909 188 964 mutanda
208 907 283 965 est.“
300 908 431 978 biycbe'us.
451 908 496 964 ct.
516 911 551 964 ad
570 914 614 976 14,
632 913 677 976 to,
697 916 722 968 1.
759 911 806 963 Ex
822 907 878 964 bac
910 911 1023 965 ectione
1049 910 1160 964 cestieie
1183 917 1268 963 natae

47 982 192 1036 videntur
209 988 331 1042 ceterae,
349 983 478 1052 primum
496 983 625 1046 certatis,
643 982 747 1037 deinde
765 981 893 1048 catcatis,
913 981 1035 1035 cerastis
1054 990 1083 1036 et
1102 982 1226 1047 testatis,
1251 995 1268 1034 s

46 1051 159 1124 quibus
176 1049 253 1104 nibil
281 1053 342 1105 sani
367 1053 501 1109 extrices.
540 1052 782 1177 „Apudliivium
802 1057 891 1120 101.
918 1053 1022 1107 navale
1045 1060 1191 1108 certamen
1215 1068 1268 1104 an·
1327 1093 1331 1100 .
1430 1041 1431 1050 ¹

46 1140 144 1177 nuum
167 1131 211 1177 est
237 1122 363 1176 Patavii:
393 1121 444 1176 aed
468 1123 546 1177 nihil
571 1142 587 1177 a
631 1125 717 1178 istud.
753 1125 836 1204 Agan
863 1125 934 1178 item
952 1123 1166 1196 Drepanitanue
1191 1121 1268 1195 apud

46 1194 204 1250 Sidonium
223 1193 254 1245 in
273 1193 392 1248 Abitaco
412 1209 462 1248 suo
482 1213 526 1266 ep.
546 1199 573 1262 1,
593 1198 620 1251 1.
640 1196 676 1249 ad
699 1197 850 1267 exemplar
866 1194 1013 1266 Traianae,
1033 1195 1267 1266 superstitionis3

47 1265 166 1337 pariter
183 1261 261 1317 nihil
279 1266 364 1319 istuc.
402 1265 458 1320 Dio
476 1265 533 1320 hoc
551 1275 665 1320 tantum
682 1277 793 1334 monet,
820 1267 911 1321 fuisse
938 1265 1036 1338 ἑορτὴν
1061 1283 1267 1336 τριακονταετη-

47 1337 128 1406 pitia,
148 1336 310 1390 tricennale
329 1337 554 1409 spectaculum.“
572 1336 651 1406 Lips.
689 1340 794 1393 Grotio
816 1339 949 1410 placebat
972 1339 1102 1408 xysticis,
1129 1339 1180 1410 qui
1204 1337 1269 1396 ludi
1379 1345 1384 1351 '

48 1410 84 1461 in
102 1415 180 1460 tecta
196 1408 314 1477 porticu
333 1416 363 1462 et
380 1409 535 1480 praecipue
553 1410 689 1486 pugilum
709 1417 809 1477 erant,
827 1409 904 1462 unde
921 1409 1037 1479 xystici,
1056 1412 1182 1474 iverant,
1203 1407 1267 1461 ‘ath-

47 1479 136 1542 letae,
166 1480 218 1547 qui
245 1479 277 1530 in
295 1495 314 1532 a
332 1485 388 1544 sto,
414 1482 532 1550 porticu
555 1490 604 1534 aut
619 1481 782 1546 niridano,
808 1481 1025 1535 exercebantur.
1060 1481 1103 1534 cf.
1128 1481 1206 1536 Suet.
1235 1481 1267 1532 in

48 1553 125 1626 Aug.
147 1563 171 1601 o.
190 1551 234 1605 45.
255 1549 287 1602 in
331 1551 438 1607 albae.
460 1551 635 1608 1611011100.
657 1554 746 1606 inscr.
774 1553 811 1609 cl.
830 1553 863 1608 V.
883 1569 911 1605 n.
932 1555 976 1608 44.
1013 1551 1162 1605 Acidaliue
1187 1552 1270 1605 vole-

48 1625 101 1676 bat
117 1619 227 1686 aats'cie,
247 1621 298 1692 qui
316 1621 380 1675 ludi
398 1620 502 1676 ἀστικοὶ
520 1622 566 1677 vel
608 1641 687 1695 rapr.
707 1622 819 1678 betuaci
838 1623 945 1677 Graeci
964 1631 1047 1678 erant
1064 1631 1094 1678 et
1111 1624 1142 1678 in
1161 1622 1267 1693 primia

47 1691 173 1746 Athenis
198 1691 230 1744 in
254 1693 315 1763 ipsa
339 1693 420 1760 urbe,
449 1692 530 1760 (nam
550 1639 681 1748 Adonea
706 1693 864 1766 κατ’ἒξοχὴν
890 1693 984 1750 dictae
1003 1695 1101 1761 ἄστυ,
1126 1701 1160 1746 ut
1178 1693 1268 1746 1101110
1321 1735 1326 1762 ,

50 1762 140 1829 Urba)
158 1777 227 1829 non,
246 1771 279 1816 ut
297 1763 360 1830 alii,
378 1772 460 1819 extra
480 1783 542 1820 eam
561 1767 632 1818 acti:
652 1785 679 1819 r.
699 1767 792 1838 intpp.
814 1767 891 1820 Suet·
912 1765 973 1822 Cal.
995 1783 1021 1819 c.
1040 1769 1084 1822 so.
1113 1763 1266 1842 Pignoriua

48 1837 83 1888 in
102 1833 202 1908 Origg.
229 1834 415 1893 1010008.
440 1836 568 1890 coniecit
593 1835 750 1900 iselasticis
778 1855 883 1908 eosque
902 1837 986 1892 ludos
1010 1838 1078 1892 inde
1096 1853 1202 1890 nomen
1219 1851 1268 1888 ac-

47 1905 1186 2034 ittttttttt’amittitis?.t³t.:.³.⁰.i⁰¹t:.iti.tt.³..⁰bittit
1210 1908 1286 2032 it·-

44 2013 132 2102 eersi
154 2049 186 2100 in
208 2015 334 2122 patriam
359 1997 563 2104 consueveridnt
586 2067 667 2103 more
689 2050 938 2121 triumphantium
963 2051 1137 2115 εἰσελαύνειν,
1156 2013 1267 2103 'idvehi

47 2121 81 2174 in
100 2117 202 2171 urbem
221 2121 373 2198 quadrigis
400 2137 489 2191 super
506 2121 615 2175 deiecta
633 2139 786 2176 murorum
804 2130 898 2194 parte,
922 2122 1056 2196 quodque
1079 2122 1142 2175 ludi
1168 2137 1199 2174 ee
1218 2135 1267 2173 oc·

48 2191 169 2244 casione
186 2199 215 2244 et
234 2192 397 2264 spectacula
415 2201 478 2244 acta
495 2192 658 2260 videantur.
677 2212 705 2246 v.
725 2193 802 2248 Suet.
824 2195 856 2247 in
874 2193 937 2247 cal.
963 2212 989 2247 c.
1008 2197 1052 2250 10.
1083 2195 1113 2246 111
1132 2191 1208 2247 Ner.
1220 2193 1265 2248 16.

46 2261 126 2316 Ptin.
146 2277 191 2331 ep.
210 2265 254 2330 ro,
274 2267 334 2320 119.
355 2265 415 2320 1111.
440 2263 556 2317 Vitruv.
580 2263 627 2320 IX.
654 2267 750 2336 princ.
776 2265 877 2320 Faber.
903 2267 1027 2342 agonist.
1051 2267 1079 2330 1,
1103 2267 1129 2322 9.
1161 2266 1201 2319 to.
1223 2267 1267 2316 17.

47 2331 106 2400 „Si
124 2331 255 2407 legamus
272 2335 371 2406 potius
390 2334 550 2399 Selaetr'cs'r,
574 2337 658 2388 utin
677 2337 916 2407 inscriptionibus
940 2339 1004 2392 tere
1027 2341 1089 2402 est,
1113 2353 1179 2390 sene
1197 2350 1267 2388 con·

47 2404 149 2458 veniet
167 2404 250 2460 valde
270 2406 402 2458 codicum
421 2407 593 2477 scripturae.
629 2407 750 2461 inistis
770 2408 857 2462 etiam
876 2409 1054 2462 Graecorum
1072 2407 1149 2460 ludis
1167 2403 1267 2478 paula·
1306 2435 1312 2446 .

47 2477 106 2528 tim
124 2475 221 2531 omnis
240 2479 355 2554 generis
374 2479 534 2532 certamina
552 2485 713 2546 poetarum,
732 2487 880 2532 oratorum
899 2486 952 2534 cet.
973 2481 1115 2542 instituta,
1135 2475 1267 2548 quumin

48 2547 105 2600 illo
123 2553 205 2601 tanto
223 2555 368 2604 conventu
391 2551 513 2619 quisque
537 2556 632 2600 artem
658 2565 739 2602 suam
768 2548 938 2601 ostentando
961 2549 1155 2602 inclarescere
1179 2565 1267 2617 cupe-

48 2617 124 2672 ret.“
144 2619 212 2672 Ern.
250 2618 307 2674 Sed
330 2620 475 2691 scriptura
493 2617 628 2672 Setantioi
644 2620 751 2672 vitiosa
770 2626 823 2684 est,
842 2635 936 2688 neque
955 2617 1018 2671 ludi
1036 2620 1087 2672 isti
1106 2633 1124 2671 o
1145 2617 1267 2674 Troiano

47 2691 195 2743 Antenore
212 2690 351 2744 instituti.
372 2721 401 2732 -
424 2688 522 2744 tabita
540 2689 668 2759 tragico.-
693 2691 725 2743 in
744 2688 800 2743 MS.
819 2689 888 2742 Bud.
912 2691 1024 2744 frustra
1049 2691 1194 2756 adiectum
1218 2706 1267 2744 or·

46 2766 144 2814 natae.

120 2835 148 2889 1.
168 2832 224 2888 Die
242 2849 357 2904 quoque,
377 2846 430 2906 quo
446 2839 561 2903 praetor
579 2832 729 2888 Antiatiue
747 2867 780 2878 -
800 2833 920 2889 mitiora
944 2831 1053 2888 cenauit
1079 2831 1266 2904 obtinuitque,

47 2922 77 2962 v.
99 2905 145 2968 14,
163 2907 207 2961 48.
228 2933 260 2944 -
286 2912 313 2960 et
337 2923 419 2974 quum
436 2907 518 2960 deum
535 2905 654 2960 bonores
672 2905 817 2975 Poppaeae
836 2907 1032 2982 decernantur,
1050 2911 1149 2974 sponte
1167 2906 1267 2958 absens

47 2977 150 3043 funeri
168 2993 224 3030 non
243 2977 392 3045 interfuit:
411 2977 516 3032 barum
535 2995 634 3031 rerum
648 2981 824 3032 mentionem
836 2979 1036 3050 praetermisit
1045 2977 1162 3030 Tacitus
1180 2993 1267 3047 supra
1367 3017 1369 3022 .

48 3065 112 3118 cap.
132 3051 158 3106 6.
179 3050 204 3104 l.
242 3049 297 3103 Sed
315 3051 349 3106 de
373 3049 482 3104 divinia
504 3047 663 3103 honoribus
683 3050 827 3121 Poppaeae
849 3048 958 3103 habitis
975 3067 1004 3104 v.
1023 3047 1134 3119 Xipbil.
1158 3049 1265 3111 63,16.

47 3119 171 3186 „Huius
191 3121 279 3174 verba
297 3129 379 3174 eunt:
408 3126 452 3174 καὶ
471 3117 574 3192 ἐτρύφα
600 3121 695 3174 καὶτὸ
722 3129 769 3188 τῆς
787 3123 906 3188 Ecetrae
930 3119 1022 3193 ἡρῷον
1049 3117 1195 3186 tenuantis
1220 3123 1267 3172 aab

48 3191 193 3257 κοσμηθέν
209 3193 338 3264 λαμπρῶς
356 3187 487 3258 docmata,
507 3191 661 3262 ἐπιγράψας
679 3190 760 3258 ebeni,
780 3192 823 3246 ὅτι
841 3195 948 3261 Sestion
968 3189 1033 3244 αὐτὸ
1052 3193 1105 3260 θεᾷ
1121 3190 1266 3262 Ἀφροδίτῃ

48 3263 83 3314 at
100 3267 228 3331 γυναῖκες
251 3261 393 3330 ἐποίησαν,
427 3263 526 3333 itaque
549 3264 632 3317 luxui
656 3279 690 3315 ac
715 3263 826 3316 deliciis
844 3261 1027 3316 nibilominus
1052 3264 1169 3316 uacabat
1188 3262 1267 3316 Nero

48 3341 77 3387 et
97 3335 228 3402 temptum
244 3335 378 3401 Sabinae,
399 3334 476 3406 quod
493 3337 569 3402 {orte
587 3332 746 3389 obuolutum
763 3340 834 3402 erat,
852 3334 1012 3403 magnificia
1031 3342 1163 3388 ornatum
1179 3335 1267 3388 dona·
1357 3393 1362 3407 ὓ

48 3397 271 3460 siia'dedieuva't
297 3407 438 3476 inscripto
466 3405 517 3460 bac
535 3407 638 3460 tituta.-
662 3406 820 3461 Sabinae
845 3407 939 3460 Deae
966 3406 1102 3461 Veneri
1124 3407 1268 3460 Matro-

50 3492 118 3530 nae
156 3483 312 3531 eeerunt.
349 3476 503 3532 'tristanus
521 3478 661 3548 templum
680 3477 737 3531 boc
755 3479 787 3531 in
805 3478 895 3532 Lesbo
915 3485 1043 3532 erectum
1072 3477 1191 3541 scribite
1216 3495 1284 3530 ne-.

51 3549 115 3632 scio
134 3547 426 3670 (Ἒο11111011111101110.ιι
445 3549 529 3618 nyct.
558 3549 705 3615 „Exstant
725 3551 811 3604 etiam
829 3550 884 3602 duo
904 3549 986 3631 nunni
1005 3549 1094 3616 aenei,
1114 3550 1145 3602 in
1164 3549 1267 3632 quibus

49 3619 523 3757 41111ῃὶ106101ἲῇηεῖᾐέξὲοῶξῖ
543 3619 1136 3761 ξθΡῗέἔὶιΑαΜΔῧῖἶῗηῗένᾜὶηέιη1111091111ίῖ
1154 3635 1269 3761 attngnqup:

48 3762 156 3816 mutter
174 3764 283 3828 sedens,
307 3763 459 3819 011000.
479 3763 649 3820 0110111101.
668 3762 759 3817 doctr.
779 3763 845 3816 NN.
865 3772 923 3820 vet.
942 3762 1004 3816 Vol.
1024 3763 1073 3817 Vl.
1092 3781 1123 3835 p.
1140 3765 1202 3818 187.
1222 3763 1267 3816 Cf.

51 3842 80 3887 et
97 3833 224 3888 lieimar.
243 3834 278 3889 ad
296 3833 519 3902 111011.63,16.“
538 3835 630 3888 Obert.
650 3835 731 3888 deum
747 3833 867 3890 bonores
884 3833 961 3888 MSS.
979 3833 1061 3889 Flor.
1080 3835 1128 3900 (in
1146 3850 1203 3904 quo
1223 3841 1267 3886 est

52 3907 106 3958 dm.
133 3912 208 3959 teste
225 3903 313 3970 Vict.)
337 3905 409 3962 Bud.
430 3905 492 3962 edd.
511 3905 603 3962 1111011.
623 3909 650 3962 1.
668 3909 695 3962 3.
716 3924 779 3978 sqq.
810 3906 904 3959 diuini
925 3901 1044 3958 bonores
1067 3907 1114 3972 (ut
1138 3906 1269 3958 coetestea

50 3975 218 4044 bonoreeb,
238 3982 262 4033 1.
282 3980 310 4044 b,
333 3979 387 4040 18.)
405 3973 483 4033 MSS.
511 3977 592 4031 Harl·
611 3977 692 4034 Bodl.
721 3979 774 4032 les.
801 3977 901 4031 Guelt.
928 3977 989 4030 edd.
1018 3978 1079 4040 Put.
1101 3982 1125 4032 1.
1144 3979 1170 4032 1.
1197 3975 1265 4028 Ber.

50 4045 145 4104 1111011.
167 4051 191 4102 1.
224 4047 326 4102 deinde
348 4047 468 4103 bonores
491 4048 569 4104 MSS.
593 4048 634 4102 110
657 4091 663 4104 .
690 4047 774 4103 Gorb.
845 4066 869 4100 r.
897 4047 940 4101 ed.
965 4047 1045 4116 Spir.
1082 4047 1268 4101 decernuntur

50 4118 130 4174 MSS.
149 4119 231 4172 b'lor.
257 4120 344 4185 (teste
361 4121 464 4186 Furia)
490 4120 573 4174 Harl.
598 4066 753 4176 110111...
779 4049 850 4176 de.
875 4118 939 4192 ¹edd.
963 4118 1040 4188 Spir.
1067 4127 1097 4173 et
1121 4127 1174 4172 cet.
1200 4125 1269 4170 ante

50 4189 149 4261 Ryck.
209 4191 440 4247 cd-revocarunt
457 4191 562 4248 Kiesal.
582 4191 699 4248 Walth.
721 4191 795 4248 Ritt.
821 4191 1037 4244 decernerentur
1060 4188 1138 4247 MSS.
1165 4187 1264 4241 Guelf.

52 4261 123 4339 Agr.
144 4261 179 4316 ed
200 4304 206 4317 .
225 4262 319 4334 nyck.
338 4263 409 4320 Ern.
430 4264 511 4316 Brut.
530 4263 592 4335 Rip.
613 4263 707 4318 Oberl.
726 4265 801 4319 Liin.
821 4261 911 4316 Bekk.
934 4262 980 4317 Gi.
1000 4261 1063 4316 Ind.
1072 4261 1126 4315 111.
1145 4278 1173 4312 v.
1197 4257 1268 4312 Ver-

50 4336 152 4390 borum
168 4333 253 4388 Moda'
272 4335 296 4402 t,
314 4337 340 4394 2
360 4341 389 4390 et
411 4335 793 4406 1106000101001001111,ῥ.
819 4351 849 4404 p.
868 4336 929 4393 846.
950 4335 1012 4392 eta.
1043 4337 1140 4403 monte
1158 4331 1266 4384 abner*
