2854 4788
184 229 259 296 *tte
393 329 399 344 ¹
580 227 828 294 ANNALIUM
857 173 942 294 lslB.
966 230 1056 296 XVI.
1081 279 1083 284 .

195 395 274 452 MSS.
292 405 322 452 et
340 395 404 452 edd.
423 401 482 452 vet.
501 403 567 450 ante
585 367 669 450 illam
686 396 709 449 1.
729 395 777 452 Fr.
798 394 950 464 Gronorii,
976 365 1003 452 sl
1026 401 1175 470 exceperis
1192 413 1272 452 voces
1291 400 1387 465 popalus

196 479 226 525 .
600 467 664 592 a
685 467 889 593 seru
905 471 932 528 ²·
958 469 1184 596 esu-..urs
1206 467 1280 594 ee
1298 471 1387 593 ss

195 549 294 690 {llll}
313 539 614 683 {dhalulosslieplturaa
637 557 701 678 illle
724 555 995 680 anselldtn'tllm
1021 613 1097 669 MSS.
1126 579 1204 668 llor-
1227 612 1266 664 Re
1281 575 1297 661 ‚⁹
1318 611 1385 664 Cori.

196 685 258 739 edd.
279 682 371 736 Gran.
390 683 469 735 Brot.
490 699 551 752 sqq.
576 683 675 734 tulerat
698 699 753 752 pro
781 683 866 734 tulere
893 697 926 735 ac
944 683 1022 738 MSS.
1041 684 1123 740 Harl.
1144 686 1198 738 les.
1216 683 1278 736 Gne
1293 727 1308 768 ·.
1330 701 1386 734 am.

194 753 539 898 tilitai‘ltftit·
560 755 789 878 mittit
802 752 858 894 2¹3·
871 753 1014 878 illie:
1031 773 1151 894 leit
1164 753 1386 891 stataet:

194 902 287 952 times
305 899 413 950 dicata
433 897 507 960 sama
525 897 611 949 tulere
630 895 691 948 edd.
712 897 802 950 Gron.
822 896 896 948 Ern.
915 895 994 951 Brot.
1017 917 1079 970 sqq.
1108 907 1225 969 praeter
1240 893 1343 953 Walth.
1367 904 1387 948 et

21 967 22 980 ¹
89 1001 97 1018 ι
195 971 268 1024 Ritt.
289 985 304 1022 e
324 969 399 1021 coni.
418 965 587 1023 Boxhornii.
620 967 711 1032 „Non
727 970 803 1020 lero.
839 967 914 1020 Nam
933 969 1032 1034 uulgus
1050 971 1211 1040 opponitur
1226 968 1387 1036 prudentibus,

196 1043 242 1106 (ut
261 1044 286 1104 l,
305 1042 362 1104 tt.)
382 1055 440 1094 non
456 1041 578 1106 populus,
597 1045 659 1092 tota
678 1040 799 1103 civitns3
830 1046 859 1090 et
878 1041 1028 1116 egregiam
1049 1042 1223 1095 sententiam
1248 1039 1337 1093 fundit
1351 1055 1386 1090 re·

193 1123 240 1166 tus
260 1111 413 1179 scripturn.
449 1109 566 1176 Papiam
584 1141 616 1152 -
636 1111 731 1176 tutae,
750 1115 783 1162 ut
801 1109 924 1162 iuventus
940 1111 1071 1164 invadunt
1093 1116 1134 1179 tn,
1153 1116 1198 1170 4ο.
1218 1111 1264 1176 (ci
1276 1110 1330 1163 lnd
1343 1109 1385 1162 Ill

192 1203 220 1238 v·
239 1183 354 1236 Nomina
372 1181 528 1246 collectiva)
548 1189 577 1234 et
595 1181 690 1246 tulere,
711 1189 743 1234 ut
761 1183 789 1247 6,
809 1183 851 1236 ta.
871 1181 921 1234 ubi
939 1199 966 1236 ν.
986 1191 1054 1236 nota
1067 1185 1094 1238 l·
1114 1184 1281 1238 Credulitate
1294 1181 1387 1248 protes

191 1255 229 1308 tis
248 1253 457 1318 diversatum,
477 1253 517 1306 ita
536 1259 571 1305 ut
587 1260 711 1323 propter
728 1259 757 1304 et
776 1251 933 1306 secundum
950 1253 1156 1308 credulitatem
1173 1252 1322 1326 prodentis,
1337 1251 1386 1306 he.

165 1325 171 1334 '
192 1325 352 1390 narrantis,
380 1325 533 1378 exsisteret
551 1323 665 1377 diversa
683 1325 768 1379 lama.
805 1323 956 1376 Nimirum
980 1325 1074 1380 eundo
1098 1328 1207 1380 crescit
1229 1329 1302 1378 fame
1323 1323 1386 1376 etin

192 1399 319 1451 diversas
337 1394 397 1450 abit
414 1395 525 1448 fabulas
544 1395 717 1450 credulitate
735 1395 915 1451 narrantis.“
937 1395 1041 1448 Waltb.
1078 1395 1122 1450 (il.
1144 1396 1207 1449 lud.
1227 1395 1278 1451 111.
1300 1414 1326 1450 r.
1342 1391 1386 1444 lt·
1405 1403 1406 1406 ’

190 1467 346 1522 iectionis
369 1473 447 1520 sento
472 1482 536 1518 casu
561 1468 682 1519 absolute
698 1466 798 1532 posita.
830 1497 861 1508 -
880 1467 1074 1534 quinquennale
1091 1467 1235 1532 ludicrum,
1260 1466 1329 1536 quod
1343 1481 1387 1516 non

191 1539 276 1594 modo
296 1537 449 1600 musicum,
468 1539 639 1614 gymnicum
659 1546 688 1592 et
706 1536 849 1608 equestre,
882 1537 932 1590 sed
954 1539 1043 1592 etiam
1064 1542 1216 1609 poeticum
1242 1537 1387 1594 oratorium·

190 1627 247 1682 que
264 1610 333 1665 ruit.
353 1608 398 1662 Cf.
419 1627 443 1662 c.
462 1615 488 1665 3·
509 1617 538 1664 et
555 1609 591 1662 ad
610 1611 654 1670 ll,
672 1612 717 1666 lb·
749 1641 781 1650 -
809 1609 924 1660 secundo
948 1611 1043 1669 lustro,
1067 1629 1097 1664 v.
1123 1611 1159 1664 ad
1184 1629 1210 1664 c.
1229 1614 1255 1668 3.
1279 1628 1304 1662 n.
1322 1613 1342 1664 l.
1363 1637 1386 1646 -

185 1682 344 1736 celebratur
362 1681 420 1737 MS.
439 1681 520 1737 Flor.
540 1679 630 1746 (teste
648 1679 741 1744 Vici.)
760 1677 822 1734 edd.
843 1677 920 1750 Spir·
944 1679 1060 1737 Walth.
1086 1681 1159 1735 Ritt.
1198 1683 1253 1736 Est
1276 1696 1406 1751 praeseus¹

189 1752 373 1810 historicum.
402 1752 590 1806 celebrabatur
617 1750 680 1804 edd.
710 1751 773 1802 Put.
803 1755 828 1806 l.
854 1752 879 1806 2.
906 1769 968 1822 sqq.
1006 1753 1195 1807 celebrabatur
1223 1750 1279 1806 MS.
1309 1751 1406 1804 Gueli..

188 1823 276 1879 Paulo
298 1833 365 1894 post
389 1832 455 1879 ante
478 1823 683 1891 oratoribusque
710 1822 840 1876 additum
870 1825 1064 1876 ararators'bus
1090 1825 1123 1878 in
1147 1825 1209 1879 MS.
1232 1824 1308 1878 Flcr.
1333 1829 1406 1874 teste*

188 1894 269 1950 Pich.
290 1903 320 1950 et
336 1895 412 1952 Vict.
449 1897 484 1948 ab
503 1893 660 1947 aratoribus
678 1894 710 1950 in
728 1890 807 1947 MSS.
828 1893 919 1950 Vatic.
940 1894 1025 1951 corb.
1045 1895 1127 1951 Harl.
1151 1896 1235 1950 Bodl.
1260 1896 1310 1950 les.
1333 1889 1406 1950 But,

188 1967 288 2024 Guelf.
308 1966 369 2022 edd.
390 1965 466 2037 Spir.
485 1966 551 2020 Ber.
571 1963 662 2019 Rhen.
684 1970 710 2021 l.
746 1965 781 2016 ab
800 1965 955 2018 aunarius
975 1966 1007 2018 in
1026 1966 1085 2024 MS.
1104 1967 1178 2044 Agr.
1205 1967 1240 2020 ab
1258 1965 1406 2026 oratoribu

128 2053 132 2059 ·
188 2037 475 2094 inclaruere.
504 2037 695 2090 abactoribus
723 2036 755 2088 in
781 2033 823 2088 ed.
845 2035 903 2089 lac.
924 2035 1016 2089 Gron.
1036 2054 1055 2089 a
1073 2039 1266 2092 sunamites
1292 2040 1319 2090 in
1341 2035 1388 2089 edd.

189 2112 251 2180 Rip.
271 2107 368 2164 Oberl.
386 2109 458 2161 Liin.
478 2107 582 2162 Kiessl.
603 2123 637 2159 ac
656 2105 810 2159 rbetoribus
827 2115 857 2160 et
875 2123 909 2159 ac
926 2107 1036 2161 vatibus
1054 2109 1130 2165 coni.
1154 2111 1236 2181 Ilipa
1263 2107 1388 2162 attitulari·

188 2183 237 2236 bus
254 2180 334 2236 Pich.
362 2196 380 2231 a
397 2179 504 2232 uatibus
527 2178 607 2232 Brot.
636 2179 671 2228 ab
689 2177 848 2230 cantoribus
864 2178 936 2232 Ern.
967 2180 1037 2232 unde
1060 2196 1079 2232 a
1102 2181 1214 2236 vatibus
1232 2177 1406 2235 Boetticher.1

187 2252 244 2307 Sed
262 2249 339 2304 nihil
362 2249 468 2305 heram
493 2267 587 2318 neque
610 2249 668 2302 alia
692 2250 802 2302 inserta
829 2249 862 2302 in
888 2251 952 2304 edd.
971 2248 1063 2306 Rhen.
1083 2254 1108 2308 2
1128 2255 1155 2308 3.
1177 2271 1241 2324 sqq.
1268 2248 1388 2322 usquead

187 2325 244 2379 lec.
266 2323 357 2375 Gran.
385 2321 498 2398 „Vulgo
515 2319 588 2374 haec
607 2319 734 2375 eduntur
753 2321 809 2372 ita:
835 2321 879 2373 Ac
898 2323 970 2386 forte
987 2338 1012 2390 q.
1033 2323 1051 2374 l.
1071 2338 1094 2379 s.
1114 2323 1133 2376 l.
1160 2325 1353 2378 celebrabatur:
1377 2334 1390 2366 a

186 2391 376 2449 sanatoribus
394 2392 597 2460 oratoribusque
616 2399 671 2447 cet.
710 2391 766 2446 Sed
790 2407 826 2444 ex
852 2391 908 2446 tali
933 2393 1124 2449 distinctione
1150 2396 1232 2449 male
1259 2392 1390 2449 schabest

186 2463 274 2520 huius
293 2464 352 2518 loci
370 2473 479 2536 partes.
517 2463 592 2516 Nem
610 2480 683 2534 quae
702 2471 864 2534 sequuntur
881 2474 947 2534 post
965 2465 1164 2530 celebrabatur,
1194 2468 1275 2526 omni
1293 2461 1390 2518 vincula

187 2543 296 2600 carent,
316 2553 374 2606 quo
393 2552 461 2590 cum
478 2534 720 2607 praecedentibus
739 2533 921 2592 cohaereant.
960 2533 1088 2591 Debehat
1106 2537 1174 2590 addi
1202 2555 1255 2606 qua
1271 2535 1390 2590 mansisti

187 2608 237 2664 vel
262 2609 359 2662 simile
383 2609 463 2678 quid.
509 2606 678 2661 Parenthesi
701 2607 795 2677 positu
822 2613 927 2660 cuncta
952 2607 1072 2684 egregie
1096 2610 1273 2678 procedunt.
1308 2608 1390 2674 ltaque

186 2679 258 2735 haec
275 2679 363 2734 verbu
381 2681 424 2732 sic
442 2678 663 2754 distinguenda:
683 2693 716 2729 aa
734 2678 819 2743 (forte
837 2693 859 2746 q.
881 2679 899 2729 l.
919 2693 942 2731 s.
963 2683 984 2732 t.
1004 2679 1168 2743 celebratur)
1187 2699 1206 2734 a
1225 2679 1390 2734 narratoribus

185 2751 389 2818 oratoribusque
406 2758 462 2806 cet.
499 2751 667 2804 Narratores
685 2747 821 2824 intellige
839 2747 962 2819 quodvis
986 2749 1217 2806 declamantium
1246 2760 1276 2808 et
1298 2753 1326 2804 in
1342 2763 1389 2800 ror·

186 2823 292 2876 ratione
310 2824 490 2876 versantium
509 2839 602 2898 genus
621 2820 786 2884 rhetorum,
806 2820 1008 2896 prologorum,
1027 2829 1192 2892 poetarum.
1230 2825 1272 2878 De
1295 2822 1390 2874 ratione

186 2893 348 2958 rhetorum,
373 2895 425 2963 qui
443 2893 551 2947 Romae
569 2893 720 2957 florebant,
746 2889 817 2945 haec
836 2894 929 2945 refert
952 2892 1032 2947 Suet.
1061 2893 1098 2948 de
1122 2894 1212 2948 claris
1237 2893 1309 2950 rhet
1333 2907 1353 2943 ο·
1372 2895 1406 2946 l·.

184 2967 240 3021 Sed
256 2964 330 3018 ratio
348 2964 461 3017 docmeii
478 2979 527 3017 aec
544 2980 597 3016 aaa
615 2963 745 3030 omuibus,
773 2979 821 3014 aec
838 2961 960 3027 siugulis
979 2963 1069 3017 eadem
1091 2981 1195 3032 seraper
1219 2967 1282 3034 fuit,
1305 2961 1406 3032 quando

184 3037 263 3090 uario
281 3036 357 3088 mocio
374 3035 482 3103 quisque
500 3035 649 3102 anaqam
668 3041 858 3087 exercuerunt:
878 3050 938 3088 aare
957 3042 983 3088 et
1001 3035 1077 3089 dicta
1095 3039 1241 3103 praeclare
1257 3053 1306 3105 per
1319 3047 1406 3092 omres,

184 3111 300 3174 figuras,
317 3121 367 3172 per
384 3121 464 3160 casus
482 3113 508 3160 et
526 3108 659 3173 apologos
677 3105 760 3158 aliter
779 3113 859 3175 atque
874 3106 961 3159 aliter
978 3122 1110 3174 exponere
1128 3115 1155 3160 et
1172 3107 1317 3162 narrati
1323 3118 1406 3162 oses,

184 3187 237 3232 trau
248 3178 364 3230 breviter
379 3185 405 3229 et
416 3192 519 3244 presse,
538 3185 590 3230 tum
599 3178 683 3230 latius
695 3184 720 3230 et
732 3177 841 3230 uberius
851 3179 994 3243 explicare
1002 3185 1170 3231 consumat.
1191 3179 1289 3258 Igitur
1297 3189 1392 3230 rursm

186 3257 229 3304 est
247 3249 480 3306 declamatorum.
518 3249 595 3314 Hinc
612 3249 689 3302 idam
707 3247 830 3303 verbum
848 3248 959 3302 dicitur
976 3249 1012 3303 de
1029 3249 1162 3326 prologis
1184 3251 1329 3314 ludorum,
1351 3245 1406 3314 qui.

185 3319 293 3374 horum
311 3329 483 3396 argumenta
501 3327 627 3386 sarram,
652 3319 771 3376 Terent.
798 3319 887 3374 Andr.
912 3320 989 3390 prol.
1007 3339 1035 3372 v.
1054 3324 1072 3376 5
1097 3339 1159 3392 sqq.
1180 3331 1210 3376 et
1234 3321 1349 3392 proprie
1364 3316 1406 3368 le*

184 3390 351 3446 fabularum
375 3391 566 3462 scriptoribus
591 3408 625 3445 ec
648 3393 743 3462 poetis
769 3389 891 3444 Phaedr.
921 3397 948 3457 l,
973 3393 1000 3454 6,
1023 3395 1050 3448 l·
1075 3393 1102 3454 5,
1125 3396 1154 3456 2,
1182 3399 1225 3450 la.
1251 3401 1280 3447 et
1305 3387 1406 3445 alibi.‘·'

187 3463 292 3517 Woltb.
330 3463 398 3516 Non
416 3464 507 3516 snale:
529 3462 584 3517 sed
596 3463 766 3533 scrupulum
785 3463 868 3516 nobis
887 3463 1013 3516 iniicere
1031 3472 1119 3532 queat
1136 3471 1200 3518 tum
1225 3460 1390 3536 parenthesis

183 3545 251 3606 post
269 3549 302 3586 aa
321 3535 424 3605 positu,
444 3537 493 3588 cui
511 3535 609 3605 aptior
626 3534 728 3590 saltem
753 3535 835 3589 locus
859 3541 926 3604 post
950 3535 1154 3600 oratoribusque
1177 3535 1321 3611 assignari
1346 3539 1406 3600 po-¹

77 3608 82 3620 '
184 3607 299 3672 tuisset,
324 3614 388 3660 tum
406 3607 635 3660 additamentum
660 3605 736 3659 illud
759 3623 777 3658 a
795 3604 984 3658 nanmoribus
1012 3606 1131 3674 eiusque
1157 3607 1324 3678 explicatio.
1357 3601 1406 3652 De

184 3676 255 3732 solis
274 3679 373 3749 potius
391 3676 554 3731 oratoribus
573 3674 601 3729 h.
620 3674 640 3732 l.
661 3693 826 3732 sermonem
845 3693 907 3730 esse
927 3675 1050 3750 colliges
1077 3693 1092 3730 e
1116 3677 1215 3730 verbis
1236 3695 1298 3748 sqq.
1322 3687 1388 3744 quae-

184 3749 311 3817 queatis
328 3765 424 3803 masaa
442 3748 575 3812 facundia
592 3749 741 3815 fingebant.
778 3748 880 3817 ltaque
898 3745 977 3800 nihil
996 3747 1102 3818 opinor
1119 3747 1148 3801 h.
1164 3749 1184 3800 l.
1211 3749 1329 3813 excidit,
1348 3743 1391 3826 sed

183 3839 229 3874 ma
268 3821 311 3876 ini
330 3819 508 3889 adscriptum
532 3820 568 3871 ab
595 3819 759 3885 oratoribus,
785 3827 818 3871 ut
838 3818 1068 3894 significaretur,
1099 3819 1134 3871 ab
1162 3827 1230 3874 ante
1255 3818 1391 3873 oratoribus

183 3837 410 3968 intlfiigendum
435 3907 506 3956 esse,
540 3889 618 3962 quod
643 3889 786 3966 glossema
810 3888 914 3944 deiude
937 3891 970 3942 iu
988 3898 1158 3944 contextum
1182 3891 1337 3945 verborum
1358 3889 1392 3968 ir

182 3965 292 4034 repsit;
311 3964 388 4030 unde
405 3962 439 4014 ab
451 3965 605 4027 oratoribus
619 3963 823 4046 oratoribusque
840 3963 873 4014 in
886 3961 949 4017 edd.
969 3961 1031 4013 Put.
1052 3965 1082 4016 1.·
1095 3965 1175 4047 ²2*
1192 3978 1247 4014 aas
1257 3963 1323 4016 eata
1335 3959 1391 4012 sois·

181 4042 343 4175 intell
350 4030 1392 4170 ittttttttil‘ft.tilii,llrt“t¹itlsltst.l¹lilitt

179 4177 279 4230 solitas
297 4178 451 4242 frugeaaec
469 4177 588 4226 metallis
606 4177 741 4240 confusum
760 4177 822 4231 edd.
841 4173 935 4229 Rhea.
948 4177 972 4227 ⁸2.
984 4179 1010 4230 3.
1031 4183 1061 4230 et
1079 4185 1135 4230 cet.
1156 4191 1267 4227 —noca
1284 4176 1392 4228 ubertat

178 4247 321 4313 provenire
339 4253 438 4300 terram
455 4244 531 4304 MSS.
550 4246 630 4300 Flor.
650 4245 730 4312 (test.
750 4245 830 4302 Pich.
852 4255 882 4300 et
900 4245 990 4310 vict.)
1014 4246 1055 4299 lle
1078 4285 1085 4298 .
1113 4245 1196 4302 Corh.
1218 4247 1300 4302 Harl.
1320 4241 1389 4296 Bodl.

985 4317 990 4327 .
1056 4265 1077 4322 ἓ

179 4317 253 4370 Bud.
274 4317 372 4373 Guell.
394 4315 455 4370 edd.
475 4314 553 4388 Spir.
579 4315 650 4376 Ern.
677 4317 757 4374 Brot.
779 4335 841 4387 sqq.
878 4331 1020 4386 provenire
1043 4325 1134 4372 terroe
1157 4315 1218 4372 edd.
1248 4320 1309 4374 Put.
1331 4322 1351 4370 1.
1369 4319 1389 4369 l.
