<?xml version="1.0" encoding="UTF-8"?>
<!DOCTYPE html PUBLIC "-//W3C//DTD XHTML 1.0 Transitional//EN"
    "http://www.w3.org/TR/xhtml1/DTD/xhtml1-transitional.dtd">
<html xmlns="http://www.w3.org/1999/xhtml" xml:lang="en" lang="en">
 <head>
  <title>
</title>
<meta http-equiv="Content-Type" content="text/html;charset=utf-8" />
  <meta name='ocr-system' content='tesseract 3.04.00' />
  <meta name='ocr-capabilities' content='ocr_page ocr_carea ocr_par ocr_line ocrx_word'/>
</head>
<body>
  <div class='ocr_page' id='page_1' title='image "./ccorneliitaciti26tacigoog_0522.png"; bbox 0 0 2872 4786; ppageno 0'>
   <div class='ocr_carea' id='block_1_1' title="bbox 371 531 958 890">
    <p class='ocr_par' dir='ltr' id='par_1_1' title="bbox 371 531 958 890">
     <span class='ocr_line' id='line_1_1' title="bbox 371 531 958 643; baseline 0.024 -14"><span class='ocrx_word' id='word_1_1' title='bbox 371 551 613 636; x_wconf 77' lang='lat' dir='ltr'><strong>lusul</strong></span> <span class='ocrx_word' id='word_1_2' title='bbox 676 531 958 643; x_wconf 75' lang='lat' dir='ltr'><strong>nras11</strong></span> 
     </span>
     <span class='ocr_line' id='line_1_2' title="bbox 513 707 814 778; baseline 0.02 -6"><span class='ocrx_word' id='word_1_3' title='bbox 513 707 814 778; x_wconf 83' lang='lat' dir='ltr'>EXCURSUS</span> 
     </span>
     <span class='ocr_line' id='line_1_3' title="bbox 643 845 686 890; baseline 0 0"><span class='ocrx_word' id='word_1_4' title='bbox 643 845 686 890; x_wconf 73' lang='lat' dir='ltr'><strong>AD</strong></span> 
     </span>
    </p>
   </div>
   <div class='ocr_carea' id='block_1_2' title="bbox 121 915 1202 1068">
    <p class='ocr_par' dir='ltr' id='par_1_2' title="bbox 121 915 1202 1068">
     <span class='ocr_line' id='line_1_4' title="bbox 121 915 1202 1068; baseline 0.026 -30"><span class='ocrx_word' id='word_1_5' title='bbox 121 915 1202 1068; x_wconf 72' lang='lat' dir='ltr'><strong>annaulonulsaon1.*&gt;</strong></span> 
     </span>
    </p>
   </div>
   <div class='ocr_carea' id='block_1_3' title="bbox 582 1151 751 1167">
    <p class='ocr_par' dir='ltr' id='par_1_3' title="bbox 582 1151 751 1167">
     <span class='ocr_line' id='line_1_5' title="bbox 582 1151 751 1167; baseline 0.018 -5"><span class='ocrx_word' id='word_1_6' title='bbox 582 1151 751 1167; x_wconf 53' lang='grc' dir='ltr'><em>Ἣ</em></span> 
     </span>
    </p>
   </div>
   <div class='ocr_carea' id='block_1_4' title="bbox 507 1243 823 1361">
    <p class='ocr_par' dir='ltr' id='par_1_4' title="bbox 507 1243 823 1361">
     <span class='ocr_line' id='line_1_6' title="bbox 507 1243 823 1361; baseline 0.022 -33"><span class='ocrx_word' id='word_1_7' title='bbox 507 1277 534 1330; x_wconf 86' lang='lat' dir='ltr'><strong>t.</strong></span> <span class='ocrx_word' id='word_1_8' title='bbox 566 1243 611 1330; x_wconf 85' lang='lat' dir='ltr'><strong>ad</strong></span> <span class='ocrx_word' id='word_1_9' title='bbox 635 1277 718 1349; x_wconf 77' lang='lat' dir='ltr'><strong>Gap.</strong></span> <span class='ocrx_word' id='word_1_10' title='bbox 747 1277 823 1361; x_wconf 74' lang='lat' dir='ltr'><strong>Vll.</strong></span> 
     </span>
    </p>
   </div>
   <div class='ocr_carea' id='block_1_5' title="bbox 46 1395 1277 3256">
    <p class='ocr_par' dir='ltr' id='par_1_5' title="bbox 46 1395 1277 2975">
     <span class='ocr_line' id='line_1_7' title="bbox 124 1395 1276 1484; baseline 0.016 -32"><span class='ocrx_word' id='word_1_11' title='bbox 124 1395 275 1465; x_wconf 77' lang='lat' dir='ltr'><strong>Esmbiae,</strong></span> <span class='ocrx_word' id='word_1_12' title='bbox 294 1412 386 1465; x_wconf 79' lang='lat' dir='ltr'><strong>amsa,</strong></span> <span class='ocrx_word' id='word_1_13' title='bbox 404 1400 605 1466; x_wconf 65' lang='lat' dir='ltr'><strong>aeternales,</strong></span> <span class='ocrx_word' id='word_1_14' title='bbox 624 1402 808 1474; x_wconf 72' lang='lat' dir='ltr'><strong>principatus</strong></span> <span class='ocrx_word' id='word_1_15' title='bbox 826 1404 961 1484; x_wconf 76' lang='lat' dir='ltr'><strong>insignis.</strong></span> <span class='ocrx_word' id='word_1_16' title='bbox 981 1407 1058 1478; x_wconf 83' lang='lat' dir='ltr'><strong>Quae</strong></span> <span class='ocrx_word' id='word_1_17' title='bbox 1075 1411 1149 1468; x_wconf 88' lang='lat' dir='ltr'><strong>haec</strong></span> <span class='ocrx_word' id='word_1_18' title='bbox 1162 1415 1276 1470; x_wconf 72' lang='lat' dir='ltr'><strong>celerat</strong></span> 
     </span>
     <span class='ocr_line' id='line_1_8' title="bbox 48 1469 1277 1555; baseline 0.015 -32"><span class='ocrx_word' id='word_1_19' title='bbox 48 1469 123 1524; x_wconf 82' lang='lat' dir='ltr'><strong>Puto</strong></span> <span class='ocrx_word' id='word_1_20' title='bbox 143 1470 273 1535; x_wconf 82' lang='lat' dir='ltr'>lictores,</span> <span class='ocrx_word' id='word_1_21' title='bbox 298 1472 393 1525; x_wconf 80' lang='lat' dir='ltr'><strong>fasces</strong></span> <span class='ocrx_word' id='word_1_22' title='bbox 417 1470 541 1530; x_wconf 86' lang='lat' dir='ltr'><strong>laureati</strong></span> <span class='ocrx_word' id='word_1_23' title='bbox 570 1479 600 1528; x_wconf 91' lang='lat' dir='ltr'><strong>et</strong></span> <span class='ocrx_word' id='word_1_24' title='bbox 626 1475 741 1545; x_wconf 83' lang='lat' dir='ltr'><strong>siquid</strong></span> <span class='ocrx_word' id='word_1_25' title='bbox 761 1485 915 1548; x_wconf 87' lang='lat' dir='ltr'><strong>praeterea</strong></span> <span class='ocrx_word' id='word_1_26' title='bbox 935 1488 1006 1535; x_wconf 90' lang='lat' dir='ltr'><strong>tunc</strong></span> <span class='ocrx_word' id='word_1_27' title='bbox 1023 1493 1175 1555; x_wconf 86' lang='lat' dir='ltr'><strong>receptum</strong></span> <span class='ocrx_word' id='word_1_28' title='bbox 1193 1487 1277 1542; x_wconf 74' lang='lat' dir='ltr'><strong>Prin-</strong></span> 
     </span>
     <span class='ocr_line' id='line_1_9' title="bbox 49 1540 1275 1627; baseline 0.016 -33"><span class='ocrx_word' id='word_1_29' title='bbox 49 1543 111 1613; x_wconf 91' lang='lat' dir='ltr'><strong>oipi</strong></span> <span class='ocrx_word' id='word_1_30' title='bbox 131 1540 346 1618; x_wconf 74' lang='lat' dir='ltr'><strong>distinguendo.</strong></span> <span class='ocrx_word' id='word_1_31' title='bbox 383 1542 488 1613; x_wconf 87' lang='lat' dir='ltr'><strong>Neque</strong></span> <span class='ocrx_word' id='word_1_32' title='bbox 511 1543 591 1598; x_wconf 88' lang='lat' dir='ltr'><strong>enim</strong></span> <span class='ocrx_word' id='word_1_33' title='bbox 615 1544 710 1600; x_wconf 77' lang='lat' dir='ltr'><strong>adhuc</strong></span> <span class='ocrx_word' id='word_1_34' title='bbox 732 1547 786 1602; x_wconf 88' lang='lat' dir='ltr'><strong>illa</strong></span> <span class='ocrx_word' id='word_1_35' title='bbox 807 1550 991 1621; x_wconf 84' lang='lat' dir='ltr'><strong>principatus</strong></span> <span class='ocrx_word' id='word_1_36' title='bbox 1015 1553 1073 1607; x_wconf 86' lang='lat' dir='ltr'><strong>insi</strong></span> <span class='ocrx_word' id='word_1_37' title='bbox 1096 1557 1154 1623; x_wconf 92' lang='lat' dir='ltr'><strong>nia,</strong></span> <span class='ocrx_word' id='word_1_38' title='bbox 1184 1558 1275 1627; x_wconf 74' lang='lat' dir='ltr'><strong>ignis,</strong></span> 
     </span>
     <span class='ocr_line' id='line_1_10' title="bbox 49 1575 1275 1697; baseline 0.021 -35"><span class='ocrx_word' id='word_1_39' title='bbox 49 1615 192 1679; x_wconf 77' lang='lat' dir='ltr'><strong>diadema,</strong></span> <span class='ocrx_word' id='word_1_40' title='bbox 220 1629 359 1682; x_wconf 81' lang='lat' dir='ltr'><strong>purpura,</strong></span> <span class='ocrx_word' id='word_1_41' title='bbox 391 1631 463 1685; x_wconf 84' lang='lat' dir='ltr'><strong>quse</strong></span> <span class='ocrx_word' id='word_1_42' title='bbox 486 1623 604 1686; x_wconf 78' lang='lat' dir='ltr'><strong>reperis</strong></span> <span class='ocrx_word' id='word_1_43' title='bbox 628 1619 763 1690; x_wconf 75' lang='lat' dir='ltr'>sequenti</span> <span class='ocrx_word' id='word_1_44' title='bbox 780 1635 851 1674; x_wconf 83' lang='lat' dir='ltr'><strong>sevo</strong></span> <span class='ocrx_word' id='word_1_45' title='bbox 877 1629 907 1675; x_wconf 85' lang='lat' dir='ltr'><strong>et</strong></span> <span class='ocrx_word' id='word_1_46' title='bbox 923 1625 959 1677; x_wconf 88' lang='lat' dir='ltr'><strong>sd</strong></span> <span class='ocrx_word' id='word_1_47' title='bbox 977 1575 1143 1697; x_wconf 64' lang='lat' dir='ltr'><strong>nesapium</strong></span> <span class='ocrx_word' id='word_1_48' title='bbox 1161 1646 1194 1683; x_wconf 82' lang='lat' dir='ltr'><strong>re</strong></span> <span class='ocrx_word' id='word_1_49' title='bbox 1268 1673 1275 1688; x_wconf 90' lang='lat'><strong>.</strong></span> 
     </span>
     <span class='ocr_line' id='line_1_11' title="bbox 48 1649 1265 1768; baseline 0.013 -28"><span class='ocrx_word' id='word_1_50' title='bbox 48 1685 135 1756; x_wconf 75' lang='lat' dir='ltr'><strong>ignis</strong></span> <span class='ocrx_word' id='word_1_51' title='bbox 154 1685 299 1762; x_wconf 71' lang='lat' dir='ltr'><strong>originem</strong></span> <span class='ocrx_word' id='word_1_52' title='bbox 318 1687 426 1752; x_wconf 90' lang='lat' dir='ltr'><strong>nescio,</strong></span> <span class='ocrx_word' id='word_1_53' title='bbox 443 1687 503 1740; x_wconf 87' lang='lat' dir='ltr'><strong>nisi</strong></span> <span class='ocrx_word' id='word_1_54' title='bbox 522 1687 602 1757; x_wconf 76' lang='lat' dir='ltr'><strong>quod.</strong></span> <span class='ocrx_word' id='word_1_55' title='bbox 617 1691 772 1760; x_wconf 83' lang='lat' dir='ltr'><strong>antiquum</strong></span> <span class='ocrx_word' id='word_1_56' title='bbox 791 1692 875 1745; x_wconf 83' lang='lat' dir='ltr'><strong>video</strong></span> <span class='ocrx_word' id='word_1_57' title='bbox 899 1702 929 1748; x_wconf 90' lang='lat' dir='ltr'><strong>et</strong></span> <span class='ocrx_word' id='word_1_58' title='bbox 946 1712 963 1747; x_wconf 88' lang='lat' dir='ltr'><strong>a</strong></span> <span class='ocrx_word' id='word_1_59' title='bbox 986 1699 1166 1768; x_wconf 79' lang='lat' dir='ltr'><strong>temporibus</strong></span> <span class='ocrx_word' id='word_1_60' title='bbox 1184 1649 1265 1755; x_wconf 53' lang='lat' dir='ltr'><strong>Htw</strong></span> 
     </span>
     <span class='ocr_line' id='line_1_12' title="bbox 47 1755 1276 1841; baseline 0.014 -30"><span class='ocrx_word' id='word_1_61' title='bbox 47 1759 199 1812; x_wconf 88' lang='lat' dir='ltr'><strong>ninorum.</strong></span> <span class='ocrx_word' id='word_1_62' title='bbox 236 1755 417 1810; x_wconf 77' lang='lat' dir='ltr'><strong>Herodianus</strong></span> <span class='ocrx_word' id='word_1_63' title='bbox 437 1775 504 1812; x_wconf 87' lang='lat' dir='ltr'><strong>sanc</strong></span> <span class='ocrx_word' id='word_1_64' title='bbox 523 1760 669 1826; x_wconf 80' lang='lat' dir='ltr'><strong>meminit,</strong></span> <span class='ocrx_word' id='word_1_65' title='bbox 692 1762 791 1815; x_wconf 31' lang='lat' dir='ltr'><strong>utirei</strong></span> <span class='ocrx_word' id='word_1_66' title='bbox 809 1763 954 1838; x_wconf 73' lang='lat' dir='ltr'><strong>vulgatae,</strong></span> <span class='ocrx_word' id='word_1_67' title='bbox 982 1767 1061 1841; x_wconf 79' lang='lat' dir='ltr'><strong>ignis</strong></span> <span class='ocrx_word' id='word_1_68' title='bbox 1079 1767 1211 1826; x_wconf 76' lang='lat' dir='ltr'><strong>Lucilios</strong></span> <span class='ocrx_word' id='word_1_69' title='bbox 1229 1791 1276 1828; x_wconf 90' lang='lat' dir='ltr'><strong>so-</strong></span> 
     </span>
     <span class='ocr_line' id='line_1_13' title="bbox 48 1827 1277 1903; baseline 0.015 -20"><span class='ocrx_word' id='word_1_70' title='bbox 48 1830 114 1884; x_wconf 90' lang='lat' dir='ltr'><strong>rori</strong></span> <span class='ocrx_word' id='word_1_71' title='bbox 140 1827 300 1893; x_wconf 78' lang='lat' dir='ltr'><strong>Commodi,</strong></span> <span class='ocrx_word' id='word_1_72' title='bbox 332 1835 362 1880; x_wconf 90' lang='lat' dir='ltr'><strong>et</strong></span> <span class='ocrx_word' id='word_1_73' title='bbox 390 1828 536 1884; x_wconf 78' lang='lat' dir='ltr'><strong>Pertinaci</strong></span> <span class='ocrx_word' id='word_1_74' title='bbox 566 1830 598 1884; x_wconf 93' lang='lat' dir='ltr'><strong>in</strong></span> <span class='ocrx_word' id='word_1_75' title='bbox 626 1841 758 1886; x_wconf 85' lang='lat' dir='ltr'><strong>senatum</strong></span> <span class='ocrx_word' id='word_1_76' title='bbox 784 1835 929 1903; x_wconf 80' lang='lat' dir='ltr'><strong>venienti,</strong></span> <span class='ocrx_word' id='word_1_77' title='bbox 953 1849 1007 1892; x_wconf 83' lang='lat' dir='ltr'><strong>nec</strong></span> <span class='ocrx_word' id='word_1_78' title='bbox 1031 1846 1127 1894; x_wconf 85' lang='lat' dir='ltr'><strong>tamen</strong></span> <span class='ocrx_word' id='word_1_79' title='bbox 1151 1843 1277 1901; x_wconf 76' lang='lat' dir='ltr'><strong>Marciae</strong></span> 
     </span>
     <span class='ocr_line' id='line_1_14' title="bbox 50 1897 1271 1986; baseline 0.013 -30"><span class='ocrx_word' id='word_1_80' title='bbox 50 1899 205 1956; x_wconf 83' lang='lat' dir='ltr'><strong>Commodi</strong></span> <span class='ocrx_word' id='word_1_81' title='bbox 223 1897 409 1968; x_wconf 80' lang='lat' dir='ltr'><strong>concubinae,</strong></span> <span class='ocrx_word' id='word_1_82' title='bbox 428 1899 551 1970; x_wconf 85' lang='lat' dir='ltr'><strong>praelati</strong></span> <span class='ocrx_word' id='word_1_83' title='bbox 570 1906 595 1968; x_wconf 94' lang='lat' dir='ltr'><strong>l,</strong></span> <span class='ocrx_word' id='word_1_84' title='bbox 615 1903 659 1958; x_wconf 70' lang='lat' dir='ltr'><strong>bl).</strong></span> <span class='ocrx_word' id='word_1_85' title='bbox 678 1905 722 1958; x_wconf 83' lang='lat' dir='ltr'><strong>tt.</strong></span> <span class='ocrx_word' id='word_1_86' title='bbox 742 1905 768 1969; x_wconf 76' lang='lat'><strong>2,</strong></span> <span class='ocrx_word' id='word_1_87' title='bbox 788 1906 813 1960; x_wconf 83' lang='grc'><strong>9.</strong></span> <span class='ocrx_word' id='word_1_88' title='bbox 850 1905 913 1960; x_wconf 86' lang='lat' dir='ltr'><strong>Nec</strong></span> <span class='ocrx_word' id='word_1_89' title='bbox 932 1907 1108 1986; x_wconf 77' lang='lat' dir='ltr'><strong>ambigimus</strong></span> <span class='ocrx_word' id='word_1_90' title='bbox 1127 1911 1162 1967; x_wconf 83' lang='lat' dir='ltr'><strong>de</strong></span> <span class='ocrx_word' id='word_1_91' title='bbox 1180 1929 1271 1972; x_wconf 87' lang='lat' dir='ltr'><strong>more.</strong></span> 
     </span>
     <span class='ocr_line' id='line_1_15' title="bbox 48 1971 1277 2058; baseline 0.013 -32"><span class='ocrx_word' id='word_1_92' title='bbox 48 1971 132 2026; x_wconf 82' lang='lat' dir='ltr'><strong>Illud</strong></span> <span class='ocrx_word' id='word_1_93' title='bbox 149 1979 246 2026; x_wconf 62' lang='lat' dir='ltr'><strong>umen</strong></span> <span class='ocrx_word' id='word_1_94' title='bbox 264 1971 383 2038; x_wconf 87' lang='lat' dir='ltr'><strong>mirum,</strong></span> <span class='ocrx_word' id='word_1_95' title='bbox 403 1971 448 2024; x_wconf 92' lang='lat' dir='ltr'><strong>bis</strong></span> <span class='ocrx_word' id='word_1_96' title='bbox 466 1971 586 2038; x_wconf 90' lang='lat' dir='ltr'><strong>mirum,</strong></span> <span class='ocrx_word' id='word_1_97' title='bbox 616 1989 675 2028; x_wconf 89' lang='lat' dir='ltr'><strong>non</strong></span> <span class='ocrx_word' id='word_1_98' title='bbox 693 1972 786 2028; x_wconf 87' lang='lat' dir='ltr'><strong>alium</strong></span> <span class='ocrx_word' id='word_1_99' title='bbox 811 1972 965 2033; x_wconf 81' lang='lat' dir='ltr'><strong>eGmeois</strong></span> <span class='ocrx_word' id='word_1_100' title='bbox 982 1979 1153 2052; x_wconf 81' lang='lat' dir='ltr'><strong>Latinisque</strong></span> <span class='ocrx_word' id='word_1_101' title='bbox 1179 1988 1277 2058; x_wconf 83' lang='lat' dir='ltr'><strong>expri-</strong></span> 
     </span>
     <span class='ocr_line' id='line_1_16' title="bbox 48 2041 1277 2118; baseline 0.014 -21"><span class='ocrx_word' id='word_1_102' title='bbox 48 2059 134 2098; x_wconf 83' lang='lat' dir='ltr'><strong>mere</strong></span> <span class='ocrx_word' id='word_1_103' title='bbox 152 2051 213 2096; x_wconf 90' lang='lat' dir='ltr'><strong>tam</strong></span> <span class='ocrx_word' id='word_1_104' title='bbox 231 2041 402 2118; x_wconf 80' lang='lat' dir='ltr'><strong>insignitam</strong></span> <span class='ocrx_word' id='word_1_105' title='bbox 421 2059 494 2096; x_wconf 86' lang='lat' dir='ltr'><strong>rem.</strong></span> <span class='ocrx_word' id='word_1_106' title='bbox 529 2042 597 2108; x_wconf 88' lang='lat' dir='ltr'><strong>Quis</strong></span> <span class='ocrx_word' id='word_1_107' title='bbox 617 2052 714 2098; x_wconf 68' lang='lat' dir='ltr'><strong>manen</strong></span> <span class='ocrx_word' id='word_1_108' title='bbox 732 2046 787 2099; x_wconf 85' lang='lat' dir='ltr'><strong>iste</strong></span> <span class='ocrx_word' id='word_1_109' title='bbox 805 2047 904 2115; x_wconf 75' lang='lat' dir='ltr'><strong>ignis?</strong></span> <span class='ocrx_word' id='word_1_110' title='bbox 922 2066 982 2104; x_wconf 88' lang='lat' dir='ltr'><strong>non</strong></span> <span class='ocrx_word' id='word_1_111' title='bbox 1001 2069 1017 2105; x_wconf 89' lang='lat' dir='ltr'><strong>e</strong></span> <span class='ocrx_word' id='word_1_112' title='bbox 1035 2051 1207 2111; x_wconf 77' lang='lat' dir='ltr'><strong>carbonibus</strong></span> <span class='ocrx_word' id='word_1_113' title='bbox 1225 2067 1277 2113; x_wconf 87' lang='lat' dir='ltr'><strong>aut</strong></span> 
     </span>
     <span class='ocr_line' id='line_1_17' title="bbox 48 2113 1276 2201; baseline 0.014 -35"><span class='ocrx_word' id='word_1_114' title='bbox 48 2116 146 2201; x_wconf 68' lang='lat' dir='ltr'><strong>ligno,</strong></span> <span class='ocrx_word' id='word_1_115' title='bbox 172 2130 225 2168; x_wconf 87' lang='lat' dir='ltr'><strong>nec</strong></span> <span class='ocrx_word' id='word_1_116' title='bbox 249 2113 344 2183; x_wconf 71' lang='lat' dir='ltr'><strong>muniis</strong></span> <span class='ocrx_word' id='word_1_117' title='bbox 373 2113 426 2167; x_wconf 88' lang='lat' dir='ltr'><strong>ille</strong></span> <span class='ocrx_word' id='word_1_118' title='bbox 450 2113 528 2184; x_wconf 84' lang='lat' dir='ltr'><strong>apud</strong></span> <span class='ocrx_word' id='word_1_119' title='bbox 551 2115 706 2170; x_wconf 81' lang='lat' dir='ltr'><strong>Horatium</strong></span> <span class='ocrx_word' id='word_1_120' title='bbox 729 2132 837 2185; x_wconf 87' lang='lat' dir='ltr'><strong>prunae</strong></span> <span class='ocrx_word' id='word_1_121' title='bbox 859 2120 994 2176; x_wconf 82' lang='lat' dir='ltr'><strong>batilluss</strong></span> <span class='ocrx_word' id='word_1_122' title='bbox 1026 2122 1136 2196; x_wconf 85' lang='lat' dir='ltr'><strong>lampas</strong></span> <span class='ocrx_word' id='word_1_123' title='bbox 1161 2134 1276 2186; x_wconf 86' lang='lat' dir='ltr'><strong>tantum</strong></span> 
     </span>
     <span class='ocr_line' id='line_1_18' title="bbox 46 2183 1277 2268; baseline 0.013 -28"><span class='ocrx_word' id='word_1_124' title='bbox 46 2190 117 2241; x_wconf 77' lang='lat' dir='ltr'><strong>fust.</strong></span> <span class='ocrx_word' id='word_1_125' title='bbox 154 2185 226 2240; x_wconf 81' lang='lat' dir='ltr'><strong>Rem</strong></span> <span class='ocrx_word' id='word_1_126' title='bbox 244 2183 339 2252; x_wconf 66' lang='lat' dir='ltr'><strong>adhuc</strong></span> <span class='ocrx_word' id='word_1_127' title='bbox 358 2185 488 2262; x_wconf 78' lang='lat' dir='ltr'><strong>ignotum</strong></span> <span class='ocrx_word' id='word_1_128' title='bbox 506 2184 767 2258; x_wconf 66' lang='lat' dir='ltr'><strong>docentemque</strong></span> <span class='ocrx_word' id='word_1_129' title='bbox 786 2205 822 2242; x_wconf 85' lang='lat' dir='ltr'><strong>ex</strong></span> <span class='ocrx_word' id='word_1_130' title='bbox 839 2193 875 2248; x_wconf 87' lang='grc' dir='ltr'><strong>Μ.</strong></span> <span class='ocrx_word' id='word_1_131' title='bbox 886 2191 1035 2268; x_wconf 83' lang='lat' dir='ltr'><strong>Antonino</strong></span> <span class='ocrx_word' id='word_1_132' title='bbox 1055 2196 1086 2248; x_wconf 92' lang='lat' dir='ltr'><strong>in</strong></span> <span class='ocrx_word' id='word_1_133' title='bbox 1105 2195 1191 2253; x_wconf 87' lang='lat' dir='ltr'><strong>libris</strong></span> <span class='ocrx_word' id='word_1_134' title='bbox 1210 2219 1277 2256; x_wconf 86' lang='lat' dir='ltr'><strong>suae</strong></span> 
     </span>
     <span class='ocr_line' id='line_1_19' title="bbox 48 2253 1276 2343; baseline 0.013 -32"><span class='ocrx_word' id='word_1_135' title='bbox 48 2260 129 2311; x_wconf 83' lang='lat' dir='ltr'><strong>vitae</strong></span> <span class='ocrx_word' id='word_1_136' title='bbox 149 2258 237 2324; x_wconf 84' lang='lat' dir='ltr'><strong>1,1t.</strong></span> <span class='ocrx_word' id='word_1_137' title='bbox 260 2257 316 2310; x_wconf 82' lang='grc' dir='ltr'><strong>Ὅτι</strong></span> <span class='ocrx_word' id='word_1_138' title='bbox 334 2254 457 2310; x_wconf 82' lang='grc' dir='ltr'><em>δυνατόν</em></span> <span class='ocrx_word' id='word_1_139' title='bbox 477 2253 560 2322; x_wconf 71' lang='grc' dir='ltr'><em>ἔστιν,</em></span> <span class='ocrx_word' id='word_1_140' title='bbox 579 2259 685 2328; x_wconf 87' lang='lat' dir='ltr'><strong>inquit,</strong></span> <span class='ocrx_word' id='word_1_141' title='bbox 706 2253 735 2313; x_wconf 80' lang='grc' dir='ltr'><strong>ἒν</strong></span> <span class='ocrx_word' id='word_1_142' title='bbox 753 2259 825 2329; x_wconf 77' lang='grc' dir='ltr'><em>αὐλῇ</em></span> <span class='ocrx_word' id='word_1_143' title='bbox 841 2268 956 2332; x_wconf 74' lang='grc' dir='ltr'><em>βιοῦντα</em></span> <span class='ocrx_word' id='word_1_144' title='bbox 979 2265 1048 2333; x_wconf 80' lang='grc' dir='ltr'><strong><em>μήτε</em></strong></span> <span class='ocrx_word' id='word_1_145' title='bbox 1066 2266 1276 2343; x_wconf 76' lang='grc' dir='ltr'><strong>δορυφρρήσεως</strong></span> 
     </span>
     <span class='ocr_line' id='line_1_20' title="bbox 48 2324 1277 2409; baseline 0.012 -28"><span class='ocrx_word' id='word_1_146' title='bbox 48 2329 175 2400; x_wconf 70' lang='grc' dir='ltr'><strong>χρῄζειν,</strong></span> <span class='ocrx_word' id='word_1_147' title='bbox 210 2325 280 2398; x_wconf 77' lang='grc' dir='ltr'><strong>μήτε</strong></span> <span class='ocrx_word' id='word_1_148' title='bbox 298 2324 422 2396; x_wconf 72' lang='grc' dir='ltr'><em>ἐσθήτων</em></span> <span class='ocrx_word' id='word_1_149' title='bbox 439 2331 609 2396; x_wconf 75' lang='grc' dir='ltr'><em>σημειωταῖν,</em></span> <span class='ocrx_word' id='word_1_150' title='bbox 632 2329 702 2398; x_wconf 75' lang='grc' dir='ltr'><strong>μήτε</strong></span> <span class='ocrx_word' id='word_1_151' title='bbox 717 2332 875 2398; x_wconf 76' lang='grc' dir='ltr'><strong>λαμπάδων</strong></span> <span class='ocrx_word' id='word_1_152' title='bbox 896 2339 942 2388; x_wconf 75' lang='grc' dir='ltr'><strong>καὶ</strong></span> <span class='ocrx_word' id='word_1_153' title='bbox 965 2335 1142 2409; x_wconf 71' lang='grc' dir='ltr'><em>ἀνδριάντων</em></span> <span class='ocrx_word' id='word_1_154' title='bbox 1159 2343 1277 2398; x_wconf 74' lang='grc' dir='ltr'><em>τοιῶνδέ</em></span> 
     </span>
     <span class='ocr_line' id='line_1_21' title="bbox 48 2398 1277 2485; baseline 0.013 -31"><span class='ocrx_word' id='word_1_155' title='bbox 48 2419 143 2468; x_wconf 81' lang='grc' dir='ltr'><em>τινων,</em></span> <span class='ocrx_word' id='word_1_156' title='bbox 161 2404 206 2454; x_wconf 77' lang='lat' dir='ltr'><strong>eal</strong></span> <span class='ocrx_word' id='word_1_157' title='bbox 223 2405 275 2454; x_wconf 79' lang='lat' dir='ltr'><strong>rod</strong></span> <span class='ocrx_word' id='word_1_158' title='bbox 293 2399 396 2468; x_wconf 79' lang='grc' dir='ltr'>ὁμοίου</span> <span class='ocrx_word' id='word_1_159' title='bbox 415 2398 535 2464; x_wconf 83' lang='grc' dir='ltr'><strong><em>κόμπου.</em></strong></span> <span class='ocrx_word' id='word_1_160' title='bbox 563 2401 710 2455; x_wconf 86' lang='lat' dir='ltr'><strong>Describit</strong></span> <span class='ocrx_word' id='word_1_161' title='bbox 721 2413 911 2475; x_wconf 86' lang='lat' dir='ltr'><strong>recensetque</strong></span> <span class='ocrx_word' id='word_1_162' title='bbox 929 2407 1057 2483; x_wconf 77' lang='lat' dir='ltr'><strong>insignia</strong></span> <span class='ocrx_word' id='word_1_163' title='bbox 1076 2412 1174 2466; x_wconf 89' lang='lat' dir='ltr'><strong>omnia</strong></span> <span class='ocrx_word' id='word_1_164' title='bbox 1191 2415 1277 2485; x_wconf 89' lang='lat' dir='ltr'><strong>prin·</strong></span> 
     </span>
     <span class='ocr_line' id='line_1_22' title="bbox 48 2471 1277 2548; baseline 0.013 -23"><span class='ocrx_word' id='word_1_165' title='bbox 48 2475 175 2543; x_wconf 71' lang='lat' dir='ltr'><strong>cipimus,</strong></span> <span class='ocrx_word' id='word_1_166' title='bbox 205 2477 232 2524; x_wconf 90' lang='lat' dir='ltr'><strong>et</strong></span> <span class='ocrx_word' id='word_1_167' title='bbox 248 2486 342 2538; x_wconf 90' lang='lat' dir='ltr'><strong>posse,</strong></span> <span class='ocrx_word' id='word_1_168' title='bbox 360 2471 410 2536; x_wconf 86' lang='lat' dir='ltr'><strong>ait,</strong></span> <span class='ocrx_word' id='word_1_169' title='bbox 430 2486 501 2536; x_wconf 90' lang='lat' dir='ltr'><strong>eum,</strong></span> <span class='ocrx_word' id='word_1_170' title='bbox 524 2471 572 2540; x_wconf 82' lang='lat' dir='ltr'><strong>qui</strong></span> <span class='ocrx_word' id='word_1_171' title='bbox 589 2471 620 2524; x_wconf 89' lang='lat' dir='ltr'><strong>in</strong></span> <span class='ocrx_word' id='word_1_172' title='bbox 638 2472 704 2524; x_wconf 90' lang='lat' dir='ltr'><strong>aula</strong></span> <span class='ocrx_word' id='word_1_173' title='bbox 721 2473 807 2540; x_wconf 84' lang='lat' dir='ltr'><strong>uiuat,</strong></span> <span class='ocrx_word' id='word_1_174' title='bbox 831 2489 929 2529; x_wconf 87' lang='lat' dir='ltr'><strong>carere</strong></span> <span class='ocrx_word' id='word_1_175' title='bbox 947 2481 1147 2548; x_wconf 69' lang='lat' dir='ltr'><strong>stipatoribus,</strong></span> <span class='ocrx_word' id='word_1_176' title='bbox 1177 2502 1277 2542; x_wconf 88' lang='lat' dir='ltr'><strong>carere</strong></span> 
     </span>
     <span class='ocr_line' id='line_1_23' title="bbox 48 2541 1273 2620; baseline 0.01 -23"><span class='ocrx_word' id='word_1_177' title='bbox 48 2551 126 2598; x_wconf 82' lang='lat' dir='ltr'><strong>ueste</strong></span> <span class='ocrx_word' id='word_1_178' title='bbox 144 2541 256 2610; x_wconf 78' lang='lat' dir='ltr'><strong>insigni</strong></span> <span class='ocrx_word' id='word_1_179' title='bbox 271 2557 461 2610; x_wconf 79' lang='lat' dir='ltr'><strong>purpuraque,</strong></span> <span class='ocrx_word' id='word_1_180' title='bbox 480 2543 548 2594; x_wconf 85' lang='lat' dir='ltr'><strong>item</strong></span> <span class='ocrx_word' id='word_1_181' title='bbox 567 2542 745 2610; x_wconf 75' lang='lat' dir='ltr'><strong>lampadibus</strong></span> <span class='ocrx_word' id='word_1_182' title='bbox 762 2550 790 2596; x_wconf 91' lang='lat' dir='ltr'><strong>et</strong></span> <span class='ocrx_word' id='word_1_183' title='bbox 807 2545 896 2598; x_wconf 85' lang='lat' dir='ltr'><strong>certis</strong></span> <span class='ocrx_word' id='word_1_184' title='bbox 913 2547 1017 2620; x_wconf 79' lang='lat' dir='ltr'><strong>statuis</strong></span> <span class='ocrx_word' id='word_1_185' title='bbox 1038 2549 1179 2620; x_wconf 78' lang='lat' dir='ltr'><strong>similique</strong></span> <span class='ocrx_word' id='word_1_186' title='bbox 1197 2557 1273 2614; x_wconf 77' lang='lat' dir='ltr'><strong>lura.</strong></span> 
     </span>
     <span class='ocr_line' id='line_1_24' title="bbox 48 2611 1275 2692; baseline 0.01 -23"><span class='ocrx_word' id='word_1_187' title='bbox 48 2615 87 2669; x_wconf 92' lang='lat' dir='ltr'><strong>Ut</strong></span> <span class='ocrx_word' id='word_1_188' title='bbox 108 2631 178 2692; x_wconf 79' lang='lat' dir='ltr'><strong>ergo</strong></span> <span class='ocrx_word' id='word_1_189' title='bbox 197 2616 229 2667; x_wconf 91' lang='lat' dir='ltr'><strong>in</strong></span> <span class='ocrx_word' id='word_1_190' title='bbox 247 2613 369 2666; x_wconf 84' lang='lat' dir='ltr'><strong>deorum</strong></span> <span class='ocrx_word' id='word_1_191' title='bbox 388 2612 471 2666; x_wconf 86' lang='lat' dir='ltr'><strong>cultu</strong></span> <span class='ocrx_word' id='word_1_192' title='bbox 489 2611 633 2667; x_wconf 85' lang='lat' dir='ltr'><strong>adhibitas</strong></span> <span class='ocrx_word' id='word_1_193' title='bbox 651 2613 945 2686; x_wconf 61' lang='lat' dir='ltr'><strong>lacessentesque,</strong></span> <span class='ocrx_word' id='word_1_194' title='bbox 963 2627 998 2672; x_wconf 86' lang='lat' dir='ltr'><strong>ut</strong></span> <span class='ocrx_word' id='word_1_195' title='bbox 1015 2620 1101 2674; x_wconf 87' lang='lat' dir='ltr'><strong>docui</strong></span> <span class='ocrx_word' id='word_1_196' title='bbox 1120 2625 1151 2676; x_wconf 89' lang='lat' dir='ltr'><strong>in</strong></span> <span class='ocrx_word' id='word_1_197' title='bbox 1161 2625 1275 2685; x_wconf 83' lang='lat' dir='ltr'><strong>Electis</strong></span> 
     </span>
     <span class='ocr_line' id='line_1_25' title="bbox 48 2683 1275 2762; baseline 0.012 -23"><span class='ocrx_word' id='word_1_198' title='bbox 48 2687 71 2752; x_wconf 87' lang='lat' dir='ltr'><strong>l,</strong></span> <span class='ocrx_word' id='word_1_199' title='bbox 91 2690 119 2744; x_wconf 83' lang='grc'><strong>3.</strong></span> <span class='ocrx_word' id='word_1_200' title='bbox 142 2688 185 2740; x_wconf 92' lang='lat' dir='ltr'><strong>sic</strong></span> <span class='ocrx_word' id='word_1_201' title='bbox 203 2686 426 2756; x_wconf 83' lang='lat' dir='ltr'><strong>imperatorum.</strong></span> <span class='ocrx_word' id='word_1_202' title='bbox 464 2683 575 2756; x_wconf 88' lang='lat' dir='ltr'><strong>Opinor</strong></span> <span class='ocrx_word' id='word_1_203' title='bbox 592 2693 702 2748; x_wconf 87' lang='lat' dir='ltr'><strong>autem,</strong></span> <span class='ocrx_word' id='word_1_204' title='bbox 719 2683 840 2739; x_wconf 85' lang='lat' dir='ltr'><strong>Romans</strong></span> <span class='ocrx_word' id='word_1_205' title='bbox 858 2687 1026 2743; x_wconf 72' lang='lat' dir='ltr'><strong>natussum</strong></span> <span class='ocrx_word' id='word_1_206' title='bbox 1044 2705 1156 2762; x_wconf 75' lang='lat' dir='ltr'><strong>moreto</strong></span> <span class='ocrx_word' id='word_1_207' title='bbox 1175 2699 1275 2754; x_wconf 86' lang='lat' dir='ltr'><strong>ePer-</strong></span> 
     </span>
     <span class='ocr_line' id='line_1_26' title="bbox 48 2755 1275 2879; baseline 0.011 -68"><span class='ocrx_word' id='word_1_208' title='bbox 48 2759 96 2812; x_wconf 88' lang='lat' dir='ltr'><strong>sis.</strong></span> <span class='ocrx_word' id='word_1_209' title='bbox 135 2756 261 2811; x_wconf 84' lang='lat' dir='ltr'><strong>Illorum</strong></span> <span class='ocrx_word' id='word_1_210' title='bbox 281 2757 359 2810; x_wconf 88' lang='lat' dir='ltr'><strong>enim</strong></span> <span class='ocrx_word' id='word_1_211' title='bbox 377 2757 442 2832; x_wconf 77' lang='lat' dir='ltr'><strong>regi</strong></span> <span class='ocrx_word' id='word_1_212' title='bbox 453 2755 607 2879; x_wconf 66' lang='lat' dir='ltr'><strong>praelatus</strong></span> <span class='ocrx_word' id='word_1_213' title='bbox 626 2756 714 2832; x_wconf 83' lang='lat' dir='ltr'><strong>ignis.</strong></span> <span class='ocrx_word' id='word_1_214' title='bbox 741 2756 901 2829; x_wconf 84' lang='lat' dir='ltr'><strong>Xenophon</strong></span> <span class='ocrx_word' id='word_1_215' title='bbox 920 2759 1028 2834; x_wconf 76' lang='lat' dir='ltr'><strong>Cyrop-</strong></span> <span class='ocrx_word' id='word_1_216' title='bbox 1047 2765 1074 2826; x_wconf 80' lang='grc'><strong>8,</strong></span> <span class='ocrx_word' id='word_1_217' title='bbox 1092 2767 1121 2820; x_wconf 77' lang='lat'><strong>8.</strong></span> <span class='ocrx_word' id='word_1_218' title='bbox 1155 2775 1200 2823; x_wconf 79' lang='lat' dir='ltr'><strong>sal</strong></span> <span class='ocrx_word' id='word_1_219' title='bbox 1218 2775 1275 2846; x_wconf 71' lang='grc' dir='ltr'><strong>πῦρ</strong></span> 
     </span>
     <span class='ocr_line' id='line_1_27' title="bbox 48 2824 1275 2914; baseline 0.006 -30"><span class='ocrx_word' id='word_1_220' title='bbox 48 2824 169 2884; x_wconf 78' lang='grc' dir='ltr'><em>ὄπισθεν</em></span> <span class='ocrx_word' id='word_1_221' title='bbox 185 2833 235 2883; x_wconf 82' lang='grc' dir='ltr'><strong>τοῦ</strong></span> <span class='ocrx_word' id='word_1_222' title='bbox 253 2826 374 2898; x_wconf 79' lang='grc' dir='ltr'><em>ἅρματος</em></span> <span class='ocrx_word' id='word_1_223' title='bbox 392 2824 433 2879; x_wconf 79' lang='lat' dir='ltr'><strong>la’</strong></span> <span class='ocrx_word' id='word_1_224' title='bbox 466 2841 573 2899; x_wconf 79' lang='grc' dir='ltr'><em>σχαρας</em></span> <span class='ocrx_word' id='word_1_225' title='bbox 597 2829 712 2894; x_wconf 74' lang='grc' dir='ltr'><strong>μεγάλης</strong></span> <span class='ocrx_word' id='word_1_226' title='bbox 729 2827 827 2896; x_wconf 75' lang='grc' dir='ltr'><em>ἄνδρες</em></span> <span class='ocrx_word' id='word_1_227' title='bbox 853 2833 965 2885; x_wconf 76' lang='lat' dir='ltr'><strong>sinouse</strong></span> <span class='ocrx_word' id='word_1_228' title='bbox 984 2833 1131 2904; x_wconf 72' lang='lat' dir='ltr'><strong>piperem:</strong></span> <span class='ocrx_word' id='word_1_229' title='bbox 1161 2846 1190 2892; x_wconf 95' lang='lat' dir='ltr'><strong>et</strong></span> <span class='ocrx_word' id='word_1_230' title='bbox 1206 2851 1275 2914; x_wconf 71' lang='lat' dir='ltr'><strong>pest</strong></span> 
     </span>
     <span class='ocr_line' id='line_1_28' title="bbox 48 2898 1273 2975; baseline 0.012 -21"><span class='ocrx_word' id='word_1_231' title='bbox 48 2902 57 2954; x_wconf 90' lang='lat' dir='ltr'><strong>i</strong></span> <span class='ocrx_word' id='word_1_232' title='bbox 106 2917 153 2952; x_wconf 88' lang='lat' dir='ltr'><strong>em</strong></span> <span class='ocrx_word' id='word_1_233' title='bbox 171 2900 259 2954; x_wconf 89' lang='lat' dir='ltr'><strong>illum</strong></span> <span class='ocrx_word' id='word_1_234' title='bbox 277 2906 393 2952; x_wconf 88' lang='lat' dir='ltr'><strong>secutus</strong></span> <span class='ocrx_word' id='word_1_235' title='bbox 412 2898 517 2969; x_wconf 81' lang='lat' dir='ltr'><strong>Cyrus.</strong></span> <span class='ocrx_word' id='word_1_236' title='bbox 554 2899 617 2952; x_wconf 92' lang='lat' dir='ltr'><strong>lmo</strong></span> <span class='ocrx_word' id='word_1_237' title='bbox 636 2907 665 2953; x_wconf 85' lang='lat' dir='ltr'><strong>et</strong></span> <span class='ocrx_word' id='word_1_238' title='bbox 683 2899 829 2966; x_wconf 84' lang='lat' dir='ltr'><strong>Asiaticis,</strong></span> <span class='ocrx_word' id='word_1_239' title='bbox 850 2902 876 2954; x_wconf 90' lang='lat' dir='ltr'><strong>si</strong></span> <span class='ocrx_word' id='word_1_240' title='bbox 894 2911 975 2957; x_wconf 88' lang='lat' dir='ltr'><strong>recte</strong></span> <span class='ocrx_word' id='word_1_241' title='bbox 994 2906 1273 2975; x_wconf 79' lang='lat' dir='ltr'><strong>capioAmmianum</strong></span> 
     </span>
    </p>

    <p class='ocr_par' dir='ltr' id='par_1_6' title="bbox 46 2967 1275 3256">
     <span class='ocr_line' id='line_1_29' title="bbox 114 2967 1275 3054; baseline 0.014 -31"><span class='ocrx_word' id='word_1_242' title='bbox 114 2975 141 3029; x_wconf 77' lang='grc'><strong>6.</strong></span> <span class='ocrx_word' id='word_1_243' title='bbox 180 2973 336 3040; x_wconf 78' lang='lat' dir='ltr'><strong>Feruntque</strong></span> <span class='ocrx_word' id='word_1_244' title='bbox 354 2970 450 3036; x_wconf 88' lang='lat' dir='ltr'><strong>etiam,</strong></span> <span class='ocrx_word' id='word_1_245' title='bbox 479 2969 507 3022; x_wconf 87' lang='lat' dir='ltr'><strong>si</strong></span> <span class='ocrx_word' id='word_1_246' title='bbox 526 2967 633 3023; x_wconf 86' lang='lat' dir='ltr'><strong>iustum</strong></span> <span class='ocrx_word' id='word_1_247' title='bbox 650 2979 695 3023; x_wconf 87' lang='lat' dir='ltr'><strong>est</strong></span> <span class='ocrx_word' id='word_1_248' title='bbox 712 2971 801 3036; x_wconf 87' lang='lat' dir='ltr'><strong>credi,</strong></span> <span class='ocrx_word' id='word_1_249' title='bbox 819 2971 916 3038; x_wconf 84' lang='lat' dir='ltr'><strong>ignem</strong></span> <span class='ocrx_word' id='word_1_250' title='bbox 934 2975 1055 3030; x_wconf 86' lang='lat' dir='ltr'><strong>caelitus</strong></span> <span class='ocrx_word' id='word_1_251' title='bbox 1072 2978 1182 3048; x_wconf 86' lang='lat' dir='ltr'><strong>lapsum</strong></span> <span class='ocrx_word' id='word_1_252' title='bbox 1199 2991 1275 3054; x_wconf 88' lang='lat' dir='ltr'><strong>apud</strong></span> 
     </span>
     <span class='ocr_line' id='line_1_30' title="bbox 47 3040 1274 3118; baseline 0.009 -22"><span class='ocrx_word' id='word_1_253' title='bbox 47 3061 76 3097; x_wconf 93' lang='lat' dir='ltr'><strong>se</strong></span> <span class='ocrx_word' id='word_1_254' title='bbox 107 3043 286 3112; x_wconf 86' lang='lat' dir='ltr'><strong>sempiternis</strong></span> <span class='ocrx_word' id='word_1_255' title='bbox 310 3041 411 3106; x_wconf 68' lang='lat' dir='ltr'><strong>foculis</strong></span> <span class='ocrx_word' id='word_1_256' title='bbox 443 3040 585 3094; x_wconf 74' lang='lat' dir='ltr'><strong>custodiri</strong></span> <span class='ocrx_word' id='word_1_257' title='bbox 592 3057 599 3092; x_wconf 81' lang='lat' dir='ltr'><strong>s</strong></span> <span class='ocrx_word' id='word_1_258' title='bbox 637 3041 717 3094; x_wconf 85' lang='lat' dir='ltr'><strong>cuius</strong></span> <span class='ocrx_word' id='word_1_259' title='bbox 745 3042 903 3109; x_wconf 88' lang='lat' dir='ltr'><strong>portionem</strong></span> <span class='ocrx_word' id='word_1_260' title='bbox 928 3046 1061 3114; x_wconf 69' lang='lat' dir='ltr'><strong>exiguam</strong></span> <span class='ocrx_word' id='word_1_261' title='bbox 1085 3057 1117 3103; x_wconf 85' lang='lat' dir='ltr'><strong>ut</strong></span> <span class='ocrx_word' id='word_1_262' title='bbox 1149 3053 1274 3118; x_wconf 69' lang='lat' dir='ltr'><strong>faustam</strong></span> 
     </span>
     <span class='ocr_line' id='line_1_31' title="bbox 46 3111 1273 3189; baseline 0.011 -23"><span class='ocrx_word' id='word_1_263' title='bbox 46 3117 177 3184; x_wconf 80' lang='lat' dir='ltr'><strong>praeisse</strong></span> <span class='ocrx_word' id='word_1_264' title='bbox 196 3113 333 3184; x_wconf 80' lang='lat' dir='ltr'><strong>quondum</strong></span> <span class='ocrx_word' id='word_1_265' title='bbox 350 3111 493 3166; x_wconf 79' lang='lat' dir='ltr'><strong>Asiaticis</strong></span> <span class='ocrx_word' id='word_1_266' title='bbox 511 3111 629 3180; x_wconf 78' lang='lat' dir='ltr'><strong>regibus</strong></span> <span class='ocrx_word' id='word_1_267' title='bbox 647 3111 752 3166; x_wconf 88' lang='lat' dir='ltr'><strong>dicunt.</strong></span> <span class='ocrx_word' id='word_1_268' title='bbox 790 3113 931 3188; x_wconf 85' lang='lat' dir='ltr'><strong>Diadema</strong></span> <span class='ocrx_word' id='word_1_269' title='bbox 956 3126 1053 3173; x_wconf 87' lang='lat' dir='ltr'><strong>autem</strong></span> <span class='ocrx_word' id='word_1_270' title='bbox 1097 3123 1190 3178; x_wconf 88' lang='lat' dir='ltr'><strong>rimus</strong></span> <span class='ocrx_word' id='word_1_271' title='bbox 1216 3127 1273 3189; x_wconf 65' lang='grc' dir='ltr'><strong>Βο,</strong></span> 
     </span>
     <span class='ocr_line' id='line_1_32' title="bbox 47 3137 1098 3256; baseline 0.005 -17"><span class='ocrx_word' id='word_1_272' title='bbox 47 3201 204 3241; x_wconf 87' lang='lat' dir='ltr'><strong>manorum</strong></span> <span class='ocrx_word' id='word_1_273' title='bbox 223 3185 393 3256; x_wconf 83' lang='lat' dir='ltr'><strong>Principum</strong></span> <span class='ocrx_word' id='word_1_274' title='bbox 412 3201 465 3236; x_wconf 90' lang='lat' dir='ltr'><strong>usu</strong></span> <span class='ocrx_word' id='word_1_275' title='bbox 504 3182 565 3237; x_wconf 85' lang='lat' dir='ltr'><strong>avit</strong></span> <span class='ocrx_word' id='word_1_276' title='bbox 582 3183 772 3248; x_wconf 77' lang='lat' dir='ltr'><strong>Aurelianus,</strong></span> <span class='ocrx_word' id='word_1_277' title='bbox 799 3186 845 3238; x_wconf 88' lang='lat' dir='ltr'><strong>uti</strong></span> <span class='ocrx_word' id='word_1_278' title='bbox 863 3187 895 3240; x_wconf 89' lang='lat' dir='ltr'><strong>in</strong></span> <span class='ocrx_word' id='word_1_279' title='bbox 913 3189 976 3241; x_wconf 80' lang='lat' dir='ltr'><strong>vite</strong></span> <span class='ocrx_word' id='word_1_280' title='bbox 993 3191 1055 3244; x_wconf 86' lang='lat' dir='ltr'><strong>eius</strong></span> <span class='ocrx_word' id='word_1_281' title='bbox 1074 3137 1098 3244; x_wconf 52' lang='grc' dir='ltr'><strong>ε’</strong></span> 
     </span>
    </p>
   </div>
   <div class='ocr_carea' id='block_1_6' title="bbox 47 3253 1271 3402">
    <p class='ocr_par' dir='ltr' id='par_1_7' title="bbox 47 3253 1271 3402">
     <span class='ocr_line' id='line_1_33' title="bbox 47 3253 1271 3383; baseline 0.011 -71"><span class='ocrx_word' id='word_1_282' title='bbox 47 3257 120 3383; x_wconf 49' lang='lat' dir='ltr'><strong>ahihbi</strong></span> <span class='ocrx_word' id='word_1_283' title='bbox 146 3257 222 3312; x_wconf 71' lang='lat' dir='ltr'><strong>ande</strong></span> <span class='ocrx_word' id='word_1_284' title='bbox 249 3257 282 3310; x_wconf 85' lang='lat' dir='ltr'><strong>id</strong></span> <span class='ocrx_word' id='word_1_285' title='bbox 305 3257 398 3310; x_wconf 79' lang='lat' dir='ltr'><strong>refert</strong></span> <span class='ocrx_word' id='word_1_286' title='bbox 422 3255 460 3310; x_wconf 82' lang='lat' dir='ltr'><strong>sd</strong></span> <span class='ocrx_word' id='word_1_287' title='bbox 506 3253 655 3332; x_wconf 70' lang='lat' dir='ltr'><strong>caligulam.</strong></span> <span class='ocrx_word' id='word_1_288' title='bbox 691 3253 852 3326; x_wconf 63' lang='lat' dir='ltr'><strong>Reputans</strong></span> <span class='ocrx_word' id='word_1_289' title='bbox 874 3259 940 3330; x_wconf 77' lang='lat' dir='ltr'><strong>quis</strong></span> <span class='ocrx_word' id='word_1_290' title='bbox 965 3260 1082 3331; x_wconf 87' lang='lat' dir='ltr'><strong>primus</strong></span> <span class='ocrx_word' id='word_1_291' title='bbox 1106 3273 1271 3342; x_wconf 78' lang='lat' dir='ltr'><strong>sumpserit,</strong></span> 
     </span>
     <span class='ocr_line' id='line_1_34' title="bbox 48 3343 1238 3402; baseline 0.01 -18"><span class='ocrx_word' id='word_1_292' title='bbox 48 3349 64 3384; x_wconf 88' lang='lat' dir='ltr'><strong>a</strong></span> <span class='ocrx_word' id='word_1_293' title='bbox 107 3346 146 3384; x_wconf 89' lang='lat' dir='ltr'><strong>uc</strong></span> <span class='ocrx_word' id='word_1_294' title='bbox 163 3343 282 3402; x_wconf 83' lang='lat' dir='ltr'><strong>quaero.</strong></span> <span class='ocrx_word' id='word_1_295' title='bbox 997 3383 1001 3396; x_wconf 92' lang='lat'><em>.</em></span> <span class='ocrx_word' id='word_1_296' title='bbox 1227 3357 1238 3366; x_wconf 74' lang='lat'><strong><em>‘</em></strong></span> 
     </span>
    </p>
   </div>
   <div class='ocr_carea' id='block_1_7' title="bbox 491 3451 808 3535">
    <p class='ocr_par' dir='ltr' id='par_1_8' title="bbox 491 3451 808 3535">
     <span class='ocr_line' id='line_1_35' title="bbox 491 3451 808 3535; baseline 0.006 -31"><span class='ocrx_word' id='word_1_297' title='bbox 491 3451 547 3535; x_wconf 20' lang='lat'>¹11.</span> <span class='ocrx_word' id='word_1_298' title='bbox 585 3452 624 3507; x_wconf 89' lang='lat' dir='ltr'><strong>ad</strong></span> <span class='ocrx_word' id='word_1_299' title='bbox 658 3451 739 3522; x_wconf 81' lang='lat' dir='ltr'><strong>cap.</strong></span> <span class='ocrx_word' id='word_1_300' title='bbox 770 3451 808 3509; x_wconf 80' lang='lat' dir='ltr'><strong>X.</strong></span> 
     </span>
    </p>
   </div>
   <div class='ocr_carea' id='block_1_8' title="bbox 46 3558 1294 4282">
    <p class='ocr_par' dir='ltr' id='par_1_9' title="bbox 46 3558 1294 4282">
     <span class='ocr_line' id='line_1_36' title="bbox 119 3558 1271 3652; baseline 0.013 -37"><span class='ocrx_word' id='word_1_301' title='bbox 119 3559 239 3631; x_wconf 83' lang='lat' dir='ltr'><strong>Nuptiis</strong></span> <span class='ocrx_word' id='word_1_302' title='bbox 268 3559 388 3627; x_wconf 87' lang='lat' dir='ltr'><strong>sororis,</strong></span> <span class='ocrx_word' id='word_1_303' title='bbox 418 3558 553 3613; x_wconf 79' lang='lat' dir='ltr'><strong>Octaviae</strong></span> <span class='ocrx_word' id='word_1_304' title='bbox 577 3575 613 3613; x_wconf 83' lang='lat' dir='ltr'><strong>ex</strong></span> <span class='ocrx_word' id='word_1_305' title='bbox 634 3559 795 3628; x_wconf 86' lang='lat' dir='ltr'><strong>Ancharia;</strong></span> <span class='ocrx_word' id='word_1_306' title='bbox 826 3559 862 3615; x_wconf 82' lang='lat' dir='ltr'><strong>de</strong></span> <span class='ocrx_word' id='word_1_307' title='bbox 886 3577 944 3634; x_wconf 83' lang='lat' dir='ltr'><strong>quo</strong></span> <span class='ocrx_word' id='word_1_308' title='bbox 968 3561 1100 3622; x_wconf 82' lang='lat' dir='ltr'><strong>instabili</strong></span> <span class='ocrx_word' id='word_1_309' title='bbox 1132 3572 1271 3652; x_wconf 80' lang='lat' dir='ltr'><strong>coniugio</strong></span> 
     </span>
     <span class='ocr_line' id='line_1_37' title="bbox 49 3627 1294 3700; baseline 0.005 -12"><span class='ocrx_word' id='word_1_310' title='bbox 49 3635 126 3688; x_wconf 88' lang='lat' dir='ltr'><strong>mire</strong></span> <span class='ocrx_word' id='word_1_311' title='bbox 144 3632 276 3687; x_wconf 79' lang='lat' dir='ltr'><strong>foedatus</strong></span> <span class='ocrx_word' id='word_1_312' title='bbox 296 3632 376 3685; x_wconf 89' lang='lat' dir='ltr'><strong>locus</strong></span> <span class='ocrx_word' id='word_1_313' title='bbox 394 3627 517 3686; x_wconf 84' lang='lat' dir='ltr'><strong>Senecae</strong></span> <span class='ocrx_word' id='word_1_314' title='bbox 542 3628 620 3685; x_wconf 86' lang='lat' dir='ltr'><strong>Suas.</strong></span> <span class='ocrx_word' id='word_1_315' title='bbox 640 3636 666 3688; x_wconf 89' lang='lat'><strong>1.</strong></span> <span class='ocrx_word' id='word_1_316' title='bbox 704 3633 792 3688; x_wconf 79' lang='lat' dir='ltr'><strong>Quum</strong></span> <span class='ocrx_word' id='word_1_317' title='bbox 814 3633 959 3687; x_wconf 80' lang='lat' dir='ltr'><strong>Antonius</strong></span> <span class='ocrx_word' id='word_1_318' title='bbox 983 3637 1065 3691; x_wconf 88' lang='lat' dir='ltr'><strong>uellet</strong></span> <span class='ocrx_word' id='word_1_319' title='bbox 1089 3656 1120 3694; x_wconf 90' lang='lat' dir='ltr'><strong>se</strong></span> <span class='ocrx_word' id='word_1_320' title='bbox 1137 3639 1294 3700; x_wconf 63' lang='lat' dir='ltr'><strong>liberum,</strong></span> 
     </span>
     <span class='ocr_line' id='line_1_38' title="bbox 46 3701 1271 3774; baseline 0.011 -17"><span class='ocrx_word' id='word_1_321' title='bbox 46 3712 157 3774; x_wconf 86' lang='lat' dir='ltr'><strong>patrem</strong></span> <span class='ocrx_word' id='word_1_322' title='bbox 176 3703 236 3757; x_wconf 84' lang='lat' dir='ltr'><strong>dici</strong></span> <span class='ocrx_word' id='word_1_323' title='bbox 253 3706 281 3759; x_wconf 91' lang='lat' dir='ltr'><strong>et</strong></span> <span class='ocrx_word' id='word_1_324' title='bbox 299 3701 349 3756; x_wconf 84' lang='lat' dir='ltr'><strong>boc</strong></span> <span class='ocrx_word' id='word_1_325' title='bbox 367 3719 465 3756; x_wconf 90' lang='lat' dir='ltr'><strong>nomen</strong></span> <span class='ocrx_word' id='word_1_326' title='bbox 483 3703 589 3754; x_wconf 89' lang='lat' dir='ltr'><strong>statuis</strong></span> <span class='ocrx_word' id='word_1_327' title='bbox 606 3703 762 3770; x_wconf 86' lang='lat' dir='ltr'><strong>subscribi,</strong></span> <span class='ocrx_word' id='word_1_328' title='bbox 792 3713 973 3761; x_wconf 82' lang='lat' dir='ltr'><strong>occurrerunt</strong></span> <span class='ocrx_word' id='word_1_329' title='bbox 996 3709 1121 3765; x_wconf 86' lang='lat' dir='ltr'><strong>uenienti</strong></span> <span class='ocrx_word' id='word_1_330' title='bbox 1138 3713 1168 3766; x_wconf 91' lang='lat' dir='ltr'><strong>ei</strong></span> <span class='ocrx_word' id='word_1_331' title='bbox 1184 3715 1271 3771; x_wconf 74' lang='lat' dir='ltr'><strong>Albe·</strong></span> 
     </span>
     <span class='ocr_line' id='line_1_39' title="bbox 49 3773 1271 3844; baseline 0.011 -14"><span class='ocrx_word' id='word_1_332' title='bbox 49 3777 164 3830; x_wconf 87' lang='lat' dir='ltr'><strong>aienses</strong></span> <span class='ocrx_word' id='word_1_333' title='bbox 182 3791 243 3830; x_wconf 83' lang='lat' dir='ltr'><strong>cam</strong></span> <span class='ocrx_word' id='word_1_334' title='bbox 260 3773 425 3841; x_wconf 80' lang='lat' dir='ltr'><strong>coniugibus</strong></span> <span class='ocrx_word' id='word_1_335' title='bbox 450 3787 484 3826; x_wconf 84' lang='lat' dir='ltr'><strong>ac</strong></span> <span class='ocrx_word' id='word_1_336' title='bbox 507 3773 607 3827; x_wconf 86' lang='lat' dir='ltr'><strong>liberis</strong></span> <span class='ocrx_word' id='word_1_337' title='bbox 631 3779 656 3826; x_wconf 90' lang='lat' dir='ltr'><strong>et</strong></span> <span class='ocrx_word' id='word_1_338' title='bbox 673 3775 841 3844; x_wconf 62' lang='lat' dir='ltr'><strong>Manedum</strong></span> <span class='ocrx_word' id='word_1_339' title='bbox 863 3777 1069 3834; x_wconf 83' lang='lat' dir='ltr'><strong>salutaverunt.</strong></span> <span class='ocrx_word' id='word_1_340' title='bbox 1106 3783 1184 3840; x_wconf 88' lang='lat' dir='ltr'><strong>Bene</strong></span> <span class='ocrx_word' id='word_1_341' title='bbox 1209 3789 1271 3843; x_wconf 90' lang='lat' dir='ltr'><strong>illis</strong></span> 
     </span>
     <span class='ocr_line' id='line_1_40' title="bbox 48 3845 1270 3927; baseline 0.011 -26"><span class='ocrx_word' id='word_1_342' title='bbox 48 3853 183 3913; x_wconf 87' lang='lat' dir='ltr'><strong>cesserat,</strong></span> <span class='ocrx_word' id='word_1_343' title='bbox 211 3847 239 3902; x_wconf 90' lang='lat' dir='ltr'><strong>si</strong></span> <span class='ocrx_word' id='word_1_344' title='bbox 264 3861 349 3901; x_wconf 85' lang='lat' dir='ltr'><strong>nasus</strong></span> <span class='ocrx_word' id='word_1_345' title='bbox 372 3845 490 3898; x_wconf 81' lang='lat' dir='ltr'><strong>Atticus</strong></span> <span class='ocrx_word' id='word_1_346' title='bbox 522 3845 564 3898; x_wconf 89' lang='lat' dir='ltr'><strong>ibi</strong></span> <span class='ocrx_word' id='word_1_347' title='bbox 589 3845 772 3900; x_wconf 87' lang='lat' dir='ltr'><strong>substitisset.</strong></span> <span class='ocrx_word' id='word_1_348' title='bbox 817 3845 967 3916; x_wconf 79' lang='lat' dir='ltr'><strong>Dissruat,</strong></span> <span class='ocrx_word' id='word_1_349' title='bbox 998 3850 1165 3920; x_wconf 77' lang='lat' dir='ltr'><strong>despondere</strong></span> <span class='ocrx_word' id='word_1_350' title='bbox 1191 3857 1270 3927; x_wconf 90' lang='lat' dir='ltr'><strong>ipsas</strong></span> 
     </span>
     <span class='ocr_line' id='line_1_41' title="bbox 48 3915 1269 3996; baseline 0.009 -23"><span class='ocrx_word' id='word_1_351' title='bbox 48 3919 163 3988; x_wconf 85' lang='lat' dir='ltr'><strong>(malim</strong></span> <span class='ocrx_word' id='word_1_352' title='bbox 186 3917 257 3988; x_wconf 85' lang='lat' dir='ltr'><strong>ipsi)</strong></span> <span class='ocrx_word' id='word_1_353' title='bbox 280 3917 312 3970; x_wconf 88' lang='lat' dir='ltr'><strong>in</strong></span> <span class='ocrx_word' id='word_1_354' title='bbox 334 3915 545 3970; x_wconf 84' lang='lat' dir='ltr'><strong>matrimonium</strong></span> <span class='ocrx_word' id='word_1_355' title='bbox 560 3917 723 3971; x_wconf 80' lang='lat' dir='ltr'><strong>Mineruam</strong></span> <span class='ocrx_word' id='word_1_356' title='bbox 739 3917 852 3971; x_wconf 88' lang='lat' dir='ltr'><strong>Musam</strong></span> <span class='ocrx_word' id='word_1_357' title='bbox 876 3933 958 3973; x_wconf 90' lang='lat' dir='ltr'><strong>suam</strong></span> <span class='ocrx_word' id='word_1_358' title='bbox 981 3927 1009 3974; x_wconf 89' lang='lat' dir='ltr'><strong>et</strong></span> <span class='ocrx_word' id='word_1_359' title='bbox 1032 3936 1213 3996; x_wconf 84' lang='lat' dir='ltr'><strong>rogauerunt,</strong></span> <span class='ocrx_word' id='word_1_360' title='bbox 1238 3939 1269 3984; x_wconf 87' lang='lat' dir='ltr'><strong>ut</strong></span> 
     </span>
     <span class='ocr_line' id='line_1_42' title="bbox 50 3987 1269 4060; baseline 0.01 -16"><span class='ocrx_word' id='word_1_361' title='bbox 50 3993 173 4055; x_wconf 87' lang='lat' dir='ltr'><strong>duceret,</strong></span> <span class='ocrx_word' id='word_1_362' title='bbox 191 3996 219 4044; x_wconf 92' lang='lat' dir='ltr'><strong>et</strong></span> <span class='ocrx_word' id='word_1_363' title='bbox 233 3989 373 4044; x_wconf 76' lang='lat' dir='ltr'><strong>Antonius</strong></span> <span class='ocrx_word' id='word_1_364' title='bbox 391 3989 435 4042; x_wconf 90' lang='lat' dir='ltr'><strong>ait</strong></span> <span class='ocrx_word' id='word_1_365' title='bbox 454 3989 613 4056; x_wconf 88' lang='lat' dir='ltr'><strong>ducturum,</strong></span> <span class='ocrx_word' id='word_1_366' title='bbox 631 3990 682 4043; x_wconf 89' lang='lat' dir='ltr'><strong>sed</strong></span> <span class='ocrx_word' id='word_1_367' title='bbox 691 3987 768 4043; x_wconf 85' lang='lat' dir='ltr'><strong>dalis</strong></span> <span class='ocrx_word' id='word_1_368' title='bbox 785 3987 894 4043; x_wconf 86' lang='lat' dir='ltr'><strong>nomine</strong></span> <span class='ocrx_word' id='word_1_369' title='bbox 911 3991 1052 4060; x_wconf 81' lang='lat' dir='ltr'><strong>imperare</strong></span> <span class='ocrx_word' id='word_1_370' title='bbox 1070 4006 1100 4048; x_wconf 88' lang='lat' dir='ltr'><strong>se</strong></span> <span class='ocrx_word' id='word_1_371' title='bbox 1118 3997 1181 4052; x_wconf 89' lang='lat' dir='ltr'><strong>illis</strong></span> <span class='ocrx_word' id='word_1_372' title='bbox 1194 4001 1269 4056; x_wconf 86' lang='lat' dir='ltr'><strong>mille</strong></span> 
     </span>
     <span class='ocr_line' id='line_1_43' title="bbox 49 4058 1268 4138; baseline 0.007 -22"><span class='ocrx_word' id='word_1_373' title='bbox 49 4065 166 4118; x_wconf 87' lang='lat' dir='ltr'><strong>talenta.</strong></span> <span class='ocrx_word' id='word_1_374' title='bbox 207 4061 276 4116; x_wconf 86' lang='lat' dir='ltr'><strong>Tum</strong></span> <span class='ocrx_word' id='word_1_375' title='bbox 301 4077 335 4114; x_wconf 76' lang='lat' dir='ltr'><strong>es</strong></span> <span class='ocrx_word' id='word_1_376' title='bbox 353 4059 500 4113; x_wconf 84' lang='lat' dir='ltr'><strong>Graeculis</strong></span> <span class='ocrx_word' id='word_1_377' title='bbox 528 4061 643 4130; x_wconf 76' lang='lat' dir='ltr'><strong>quidam</strong></span> <span class='ocrx_word' id='word_1_378' title='bbox 662 4058 704 4113; x_wconf 86' lang='lat' dir='ltr'><strong>ait</strong></span> <span class='ocrx_word' id='word_1_379' title='bbox 706 4100 790 4116; x_wconf 92' lang='grc'>.........</span> <span class='ocrx_word' id='word_1_380' title='bbox 796 4061 825 4128; x_wconf 87' lang='grc' dir='ltr'><strong>α)</strong></span> <span class='ocrx_word' id='word_1_381' title='bbox 851 4061 927 4116; x_wconf 84' lang='lat' dir='ltr'><strong>Huic</strong></span> <span class='ocrx_word' id='word_1_382' title='bbox 945 4062 1056 4133; x_wconf 82' lang='lat' dir='ltr'><strong>quidem</strong></span> <span class='ocrx_word' id='word_1_383' title='bbox 1074 4066 1185 4136; x_wconf 88' lang='lat' dir='ltr'><strong>impune</strong></span> <span class='ocrx_word' id='word_1_384' title='bbox 1202 4073 1268 4138; x_wconf 72' lang='lat' dir='ltr'><strong>fuit,</strong></span> 
     </span>
     <span class='ocr_line' id='line_1_44' title="bbox 49 4129 1269 4212; baseline 0.001 -24"><span class='ocrx_word' id='word_1_385' title='bbox 49 4135 97 4189; x_wconf 91' lang='lat' dir='ltr'><strong>sed</strong></span> <span class='ocrx_word' id='word_1_386' title='bbox 121 4129 338 4187; x_wconf 69' lang='lat' dir='ltr'><strong>Atheniensium</strong></span> <span class='ocrx_word' id='word_1_387' title='bbox 363 4131 509 4199; x_wconf 86' lang='lat' dir='ltr'><strong>sponsalia</strong></span> <span class='ocrx_word' id='word_1_388' title='bbox 533 4133 612 4184; x_wconf 88' lang='lat' dir='ltr'><strong>mille</strong></span> <span class='ocrx_word' id='word_1_389' title='bbox 639 4130 758 4186; x_wconf 85' lang='lat' dir='ltr'><strong>talentis</strong></span> <span class='ocrx_word' id='word_1_390' title='bbox 782 4133 932 4187; x_wconf 87' lang='lat' dir='ltr'><strong>aestimata</strong></span> <span class='ocrx_word' id='word_1_391' title='bbox 956 4143 1029 4188; x_wconf 91' lang='lat' dir='ltr'><strong>sunt.</strong></span> <span class='ocrx_word' id='word_1_392' title='bbox 1078 4140 1154 4194; x_wconf 78' lang='lat' dir='ltr'><strong>Quae</strong></span> <span class='ocrx_word' id='word_1_393' title='bbox 1186 4159 1269 4212; x_wconf 80' lang='lat' dir='ltr'><strong>qaam</strong></span> 
     </span>
     <span class='ocr_line' id='line_1_45' title="bbox 49 4201 1270 4282; baseline 0.003 -22"><span class='ocrx_word' id='word_1_394' title='bbox 49 4207 241 4276; x_wconf 73' lang='lat' dir='ltr'><strong>exigerentur,</strong></span> <span class='ocrx_word' id='word_1_395' title='bbox 270 4202 351 4257; x_wconf 87' lang='lat' dir='ltr'><strong>multi</strong></span> <span class='ocrx_word' id='word_1_396' title='bbox 375 4201 567 4257; x_wconf 86' lang='lat' dir='ltr'><strong>contunselioss&#39;</strong></span> <span class='ocrx_word' id='word_1_397' title='bbox 583 4203 673 4256; x_wconf 85' lang='lat' dir='ltr'><strong>libelli</strong></span> <span class='ocrx_word' id='word_1_398' title='bbox 692 4204 835 4274; x_wconf 89' lang='lat' dir='ltr'><strong>propositi</strong></span> <span class='ocrx_word' id='word_1_399' title='bbox 853 4210 928 4272; x_wconf 87' lang='lat' dir='ltr'><strong>sunt,</strong></span> <span class='ocrx_word' id='word_1_400' title='bbox 953 4205 1026 4259; x_wconf 86' lang='lat' dir='ltr'><strong>sicut</strong></span> <span class='ocrx_word' id='word_1_401' title='bbox 1044 4206 1104 4276; x_wconf 85' lang='lat' dir='ltr'><strong>ille,</strong></span> <span class='ocrx_word' id='word_1_402' title='bbox 1130 4211 1179 4282; x_wconf 79' lang='lat' dir='ltr'><strong>qui</strong></span> <span class='ocrx_word' id='word_1_403' title='bbox 1204 4213 1270 4266; x_wconf 85' lang='lat' dir='ltr'><strong>sub-</strong></span> 
     </span>
    </p>
   </div>
   <div class='ocr_carea' id='block_1_9' title="bbox 85 4308 1177 4472">
    <p class='ocr_par' dir='ltr' id='par_1_10' title="bbox 85 4308 1177 4472">
     <span class='ocr_line' id='line_1_46' title="bbox 116 4308 1177 4388; baseline 0.026 -27"><span class='ocrx_word' id='word_1_404' title='bbox 116 4313 148 4380; x_wconf 74' lang='lat'><strong>⁸)</strong></span> <span class='ocrx_word' id='word_1_405' title='bbox 167 4309 344 4367; x_wconf 78' lang='lat' dir='ltr'><strong>subiunctas</strong></span> <span class='ocrx_word' id='word_1_406' title='bbox 361 4316 430 4364; x_wconf 86' lang='lat' dir='ltr'><strong>sunt</strong></span> <span class='ocrx_word' id='word_1_407' title='bbox 446 4317 532 4365; x_wconf 87' lang='lat' dir='ltr'><strong>notas</strong></span> <span class='ocrx_word' id='word_1_408' title='bbox 549 4309 681 4366; x_wconf 77' lang='lat' dir='ltr'><strong>Ernestii</strong></span> <span class='ocrx_word' id='word_1_409' title='bbox 699 4308 727 4378; x_wconf 85' lang='lat' dir='ltr'><strong>a)</strong></span> <span class='ocrx_word' id='word_1_410' title='bbox 744 4310 778 4380; x_wconf 87' lang='lat' dir='ltr'><strong>b)</strong></span> <span class='ocrx_word' id='word_1_411' title='bbox 797 4310 829 4380; x_wconf 80' lang='lat' dir='ltr'><strong>o)</strong></span> <span class='ocrx_word' id='word_1_412' title='bbox 847 4318 875 4367; x_wconf 75' lang='lat' dir='ltr'><strong>et</strong></span> <span class='ocrx_word' id='word_1_413' title='bbox 894 4311 1024 4372; x_wconf 66' lang='lat' dir='ltr'><strong>Obtrlifli</strong></span> <span class='ocrx_word' id='word_1_414' title='bbox 1041 4313 1072 4382; x_wconf 78' lang='lat'><strong>⁰¹)</strong></span> <span class='ocrx_word' id='word_1_415' title='bbox 1088 4315 1118 4386; x_wconf 68' lang='lat' dir='ltr'><strong>il)</strong></span> <span class='ocrx_word' id='word_1_416' title='bbox 1135 4319 1177 4388; x_wconf 82' lang='lat' dir='ltr'><strong>r)-</strong></span> 
     </span>
     <span class='ocr_line' id='line_1_47' title="bbox 85 4387 1036 4472; baseline 0.035 -18"><span class='ocrx_word' id='word_1_417' title='bbox 85 4403 162 4472; x_wconf 46' lang='lat' dir='ltr'><strong>oppe</strong></span> <span class='ocrx_word' id='word_1_418' title='bbox 176 4402 243 4460; x_wconf 71' lang='lat' dir='ltr'><strong>aas.</strong></span> <span class='ocrx_word' id='word_1_419' title='bbox 267 4400 346 4456; x_wconf 75' lang='lat' dir='ltr'><strong>aa.</strong></span> <span class='ocrx_word' id='word_1_420' title='bbox 994 4387 1036 4451; x_wconf 78' lang='lat'><strong>³³</strong></span> 
     </span>
    </p>
   </div>
   <div class='ocr_carea' id='block_1_10' title="bbox 0 0 1440 4786">
    <p class='ocr_par' dir='ltr' id='par_1_11' title="bbox 0 0 1440 4786">
     <span class='ocr_line' id='line_1_48' title="bbox 0 0 1440 4786; baseline 0 0"><span class='ocrx_word' id='word_1_421' title='bbox 0 0 1440 4786; x_wconf 95' lang='lat' dir='ltr'><strong> </strong></span> 
     </span>
    </p>
   </div>
   <div class='ocr_carea' id='block_1_11' title="bbox 1099 3193 1364 3270">
    <p class='ocr_par' dir='ltr' id='par_1_12' title="bbox 1099 3193 1364 3270">
     <span class='ocr_line' id='line_1_49' title="bbox 1099 3193 1364 3270; baseline 0.026 -26"><span class='ocrx_word' id='word_1_422' title='bbox 1099 3193 1190 3263; x_wconf 67' lang='lat' dir='ltr'><strong>iuter,</strong></span> <span class='ocrx_word' id='word_1_423' title='bbox 1217 3203 1282 3270; x_wconf 28' lang='lat' dir='ltr'><strong>etsi,</strong></span> <span class='ocrx_word' id='word_1_424' title='bbox 1361 3229 1364 3234; x_wconf 94' lang='lat'>·</span> 
     </span>
    </p>
   </div>
  </div>
 </body>
</html>
