2814 4792
197 207 342 276 curor
363 209 489 278 xxm.
511 207 638 278 xmv.
660 212 849 295 <uuam
869 191 1038 304 acan.)
1157 221 1221 292 aa
1286 179 1289 192 ’

17 375 122 442 adacti:
166 374 220 442 ta
238 377 303 441 boc
319 379 496 464 penuriae
517 399 591 461 nae,
610 379 744 447 fervida
758 394 875 466 aestas,
897 385 1077 476 longinqua
1095 390 1220 454 itinera

17 463 70 524 sola
93 460 187 526 ducis
207 464 367 542 patientia
388 401 642 549 mitigdbantur,
674 465 791 532 eodem
813 470 910 552 plura
938 491 1035 554 quam
1063 475 1219 560 gregario

17 545 108 607 milite
129 545 307 608 tolerante.
350 545 497 608 Ventum
520 545 640 612 debinc
665 551 707 611 iu
733 551 821 614 locos
849 554 956 617 cultos
990 552 1221 640 demessaeque
1320 627 1325 638 q

18 639 128 714 segetes
161 637 196 690 ct
223 648 263 691 ex
291 627 420 691 dnobus
447 631 600 712 castellis,
634 633 670 692 iu
696 653 779 718 quae
807 639 1029 700 cantaverant
1057 639 1219 718 Armenii,
1259 677 1262 686 ·

18 711 148 774 alterum
166 713 296 794 impetu
316 719 468 793 captum:
490 715 546 796 qui
568 717 709 798 primam
730 719 798 778 vim
815 687 1023 802 depuderant,
1046 722 1220 788 obsidione
1297 721 1318 796 ”,

18 803 179 881 coguntur.
197 791 327 859 Unde
355 797 391 856 in
420 799 592 884 regionem
624 797 884 864 Tauraunitium
911 810 1136 890 transgressus
1158 807 1219 866 im·

18 881 175 958 provisum
198 877 384 960 periculum
414 881 544 946 vitavit.
588 879 674 944 Nam
705 882 794 945 haud
821 886 940 967 procul
967 888 1114 949 tentorio
1147 891 1218 951 eins

18 983 66 1022 non
87 961 249 1048 ignobilis
271 961 431 1024 barbarus
452 981 529 1026 cnm
561 965 628 1027 telo
661 973 815 1048 repertus
837 965 988 1032 ordinem
1020 969 1218 1032 insidiarum

18 1064 101 1126 seque
124 1053 297 1106 auctorem
318 1053 352 1106 et
373 1047 480 1110 socios
509 1066 569 1128 per
596 1057 764 1111 tormenta
792 1047 915 1128 edidit3
949 1053 1160 1136 convictique
1186 1059 1220 1116 et

17 1129 110 1208 puniti
133 1135 221 1204 sunt,
242 1129 300 1210 qui
320 1131 430 1210 specie
458 1131 626 1192 amicitiae
659 1130 769 1194 dolum
799 1133 970 1216 parabant.
1014 1135 1085 1198 Nec
1111 1136 1218 1199 mutto

17 1219 76 1290 post
97 1212 200 1296 legati
221 1210 464 1296 Tigranocerta
486 1215 580 1274 missi
601 1222 716 1296 patere
737 1219 867 1278 moenia
889 1219 1044 1296 afferunt,
1072 1221 1217 1280 intentus

17 1295 175 1375 popularis
196 1291 239 1355 ad
258 1297 357 1356 iussa.
400 1295 506 1356 Simul
527 1295 692 1379 hospitale
717 1297 853 1380 donum,
883 1318 1039 1362 coronam
1071 1321 1218 1381 auream,

18 1377 188 1438 tradebant
232 1375 433 1458 accepitque
469 1397 544 1440 cum
579 1378 726 1458 honoret
762 1401 824 1444 uec
856 1385 1031 1465 quicquam
1058 1385 1138 1448 urbi
1162 1383 1219 1448 de·

16 1465 158 1540 tractum,
181 1478 246 1540 qua
267 1461 457 1544 promptius
484 1461 680 1546 obsequium
705 1465 831 1554 integri
858 1467 1052 1530 retinerent.
1125 1547 1130 1557 .

73 1619 97 1670 1.
124 1613 299 1680 fatiscebant,
327 1631 357 1666 v.
379 1612 415 1666 ad
441 1617 468 1680 3,
492 1616 539 1680 ae,
569 1619 593 1670 1.
613 1645 646 1658 -
683 1631 768 1668 carne
787 1617 916 1685 pecudum
938 1619 1100 1686 propulsare
1124 1618 1219 1684 fanen

16 1683 106 1752 adorti,
125 1692 248 1756 propter
264 1685 391 1754 inopiam
411 1687 562 1740 frumenti.
583 1686 628 1742 Cf.
650 1686 729 1742 Caes.
748 1688 779 1742 Β.
801 1689 835 1743 G·
854 1690 881 1755 7,
901 1694 942 1746 17.
954 1723 987 1732 -
1006 1688 1215 1746 artocreas,

18 1755 83 1808 Flor.
103 1760 184 1818 (test.
202 1756 278 1812 Vict.
305 1764 335 1810 et
361 1755 462 1822 Furia)
487 1757 557 1832 Bud.
584 1757 645 1813 edd.
674 1757 751 1828 Spir.
774 1758 866 1816 Bekk.
886 1763 912 1818 2.
934 1757 1050 1818 Walth.
1087 1761 1135 1813 Ad
1150 1759 1218 1814 baec

17 1825 63 1882 us,
80 1827 178 1884 Gueli.
198 1834 229 1880 et
247 1827 310 1881 edd.
328 1835 382 1882 eet.
402 1828 445 1883 Cf.
466 1830 501 1883 ad
520 1831 565 1893 12,
584 1832 628 1891 20,
647 1833 672 1886 1.
692 1861 725 1872 -
760 1831 874 1899 penuria
892 1847 994 1900 aquae:
1021 1834 1053 1886 in
1077 1831 1118 1886 ed
1139 1831 1216 1902 Spir.

15 1915 64 1964 pen.
81 1905 170 1968 atque,
187 1900 220 1952 in
236 1897 294 1956 MS.
319 1898 389 1976 Agr.
409 1915 535 1970 aquarum
550 1901 675 1966 penaria.
709 1903 796 1958 Paulo
834 1910 879 1957 ost
897 1903 986 1956 eadem
1003 1903 1055 1968 (sc.
1075 1901 1217 1973 patientit

16 1969 183 2039 danismam
192 1971 409 2039 quamgregario
422 1973 507 2024 milite
517 1971 668 2034 tolerante(
692 1992 761 2027 uum
771 1991 802 2028 ea
823 1992 867 2028 em
881 1975 1022 2046 patientia
1036 1975 1119 2028 ducis
1132 1973 1219 2045 plura

17 2061 89 2129 qpsm
106 2041 260 2168 grpgurius
279 2042 365 2128 miles
383 2043 533 2166 tpleraret)
552 2042 595 2098 ed·
613 2043 652 2098 Be
697 2047 827 2130 ‚maian
853 2046 943 2100 etsie
967 2043 1026 2099 MS.
1034 2045 1123 2170 1flpr.
1142 2051 1217 2169 tesqe

16 2115 1076 2256 tiftdttti<titatttiitt‘ttfttt1‘,titiant
1097 2125 1217 2270 tiis
1242 2233 1245 2248 .

16 2259 101 2312 eodem
124 2269 220 2312 sensa.
257 2255 314 2311 Sed
340 2258 382 2311 ita
404 2273 487 2328 quam
512 2275 755 2328 supervacaneum
775 2269 826 2316 est.
863 2261 950 2314 eodem
975 2263 1057 2328 plura
1082 2273 1218 2327 gregarw

14 2329 89 2382 sitite
106 2326 236 2383 sununs·
257 2325 336 2384 MSS.
360 2329 431 2406 ling.
460 2327 530 2384 llud.
560 2329 604 2383 ed.
632 2328 708 2386 Sir.
733 2333 821 2386 eodem
842 2335 924 2400 plara
941 2349 966 2402 q.
984 2347 1014 2398 g.
1034 2352 1066 2388 m.
1086 2331 1218 2385 tolerante
1274 2367 1280 2384 .

16 2399 63 2456 ltS.
85 2401 182 2456 Gneli.
208 2407 237 2454 st
260 2399 323 2455 edd.
353 2409 407 2458 cet.
426 2399 509 2471 prob.
534 2399 627 2456 Boett.
651 2349 757 2459 beate:
786 2405 889 2471 eodem,
917 2421 950 2458 eo
970 2406 1067 2469 etiam,
1095 2403 1145 2470 (ut
1163 2401 1215 2454 Gr.

16 2473 84 2534 αὐτὸς
102 2481 132 2528 et
151 2469 249 2534 αὑτός)
270 2470 357 2539 ptura
375 2488 458 2541 quam
474 2471 613 2538 gregario
629 2473 721 2527 milite
739 2475 883 2540 tolerante,
900 2474 930 2528 b.
951 2492 966 2529 a
990 2493 1076 2546 quam
1096 2477 1121 2528 si
1140 2472 1217 2526 idem
1335 2515 1339 2522 .

93 2545 155 2598 rias
171 2541 260 2598 miles
277 2544 399 2600 tuisset:
429 2561 496 2598 uam
517 2542 661 2600 ablativus
683 2563 740 2616 per
756 2547 959 2601 attractionem
983 2547 1123 2602 admissus
1141 2545 1216 2602 est.“

37 2615 104 2670 itter.

73 2725 98 2780 2.
131 2723 243 2776 alterans
261 2724 358 2792 impeta
378 2729 479 2794 captum
504 2723 581 2780 MSS·
606 2723 686 2779 Flos.
714 2723 802 2790 (teste
824 2724 914 2791 vict.)
942 2725 1004 2778 Vat.
1023 2724 1127 2796 lipsii,
1145 2724 1216 2800 ling.

16 2790 90 2846 Gorb.
107 2795 189 2851 llari.
209 2796 309 2850 Gueli.
339 2795 401 2851 edd.
427 2797 504 2868 Spir.
529 2797 607 2868 bips.
627 2814 690 2869 aqq.
717 2797 766 2852 sed
792 2803 894 2865 captam
920 2811 979 2850 non
996 2796 1054 2850 nisi
1072 2796 1105 2848 in
1123 2803 1216 2922 marq.

14 2865 83 2920 uss.
100 2867 182 2920 Harl.
202 2875 231 2921 et
250 2867 350 2922 (laeli.
370 2867 500 2922 additum
520 2876 550 2922 et
566 2868 653 2940 plane
670 2869 811 2924 omissum
838 2877 881 2922 est
908 2869 940 2922 in
967 2867 1024 2922 MS.
1052 2866 1132 2922 Bodl.
1154 2867 1216 2924 ed.

15 2935 68 2993 Pet.
86 2943 111 2994 l.
131 2941 157 2996 2.
175 2939 240 2995 Ber.
258 2937 352 2995 Rhen.
372 2943 396 2994 t.
415 2943 441 2998 2-
460 2943 486 2998 3.
505 2939 571 2997 Ald.
590 2948 624 2995 ut
641 2940 741 3010 inpetu
758 2947 865 3007 captum
882 2941 916 2994 in
933 2940 989 2998 MS.
1009 2939 1064 2994 les.
1085 2965 1117 2976 -
1145 2937 1218 2991 obsi·

14 3007 85 3062 diane
98 3017 229 3074 namur
243 3011 280 3064 sd
291 3010 484 3079 deditionem
499 3011 564 3066 Era.
575 3045 609 3056 -
641 3011 847 3066 Tauraunitium
862 3010 919 3068 ms.
935 3009 1016 3068 Flos.
1033 3009 1218 3076 tenesmis,

15 3079 83 3142 (non
112 3083 325 3148 Tauraunitium,
350 3081 428 3153 qnod
451 3083 603 3137 annotarit
625 3081 809 3148 1ac.Gron.)
832 3083 894 3138 edd.
919 3082 995 3208 Spin.
1016 3079 1108 3166 Iielrkt
1135 3084 1161 3138 2
1188 3087 1219 3134 et

18 3151 136 3206 Waltls.“
152 3153 261 3208 Recte:
280 3170 348 3206 nam
367 3173 387 3207 a.
404 3155 495 3208 Tauro
515 3163 544 3210 et
561 3169 636 3208 anne
659 3155 690 3208 id
713 3154 886 3209 vocabulum
904 3155 935 3207 si
956 3161 1021 3208 atur
1043 3153 1219 3218 derivatum,

15 3231 40 3275 et
54 3226 175 3280 sonasse
192 3227 345 3281 verissime
372 3225 430 3280 tls.
456 3226 527 3302 Agr.
559 3225 775 3291 Tauraunitium,
803 3223 881 3295 quod
903 3242 957 3296 per
979 3223 1219 3280 assimilationem

15 3291 157 3350 literarum
175 3297 263 3351 alteri
283 3297 445 3366 scripturae
462 3299 608 3374 originem
627 3295 740 3352 dedit.“
768 3295 874 3350 Wottlt.
911 3295 974 3363 „Ita
999 3296 1147 3372 designari
1172 3294 1219 3348 vi·

13 3361 90 3419 detur
106 3369 187 3443 regio
204 3369 300 3445 rigata
325 3369 496 3422 flaminibus
519 3385 555 3423 ex
572 3367 669 3424 Tauro
686 3368 919 3423 decurrentibus:
953 3375 983 3422 et
1009 3385 1075 3424 sans
1098 3368 1220 3438 propior

13 3433 76 3490 baec
94 3437 128 3490 Τ·
166 3441 311 3494 maceriis
337 3447 381 3494 est
406 3457 492 3511 quem
508 3440 666 3505 Artaxatis,
695 3440 772 3510 quod
790 3457 825 3494 ex
849 3441 958 3494 itinere
977 3438 1150 3494 Corbulonis
1169 3455 1219 3508 np-

14 3457 167 3576 puret31'd5
232 3518 330 3565 ocertu
347 3517 444 3566 autem
469 3512 500 3564 in
519 3511 640 3566 australi
658 3507 813 3565 maniae
861 3519 924 3566 arte
949 3520 978 3565 et
1001 3508 1099 3564 Tauro
1122 3509 1219 3591 vicina

13 3581 118 3634 auntt‘
136 3583 237 3636 cellar.
256 3583 292 3638 G.
309 3581 344 3638 A.
363 3583 417 3648 111,
438 3587 481 3645 u,
501 3587 543 3640 11.
569 3581 603 3636 T.
623 3582 663 3639 ll.
687 3601 716 3654 p.
735 3585 797 3640 ³2⁷.
822 3529 867 3640 ed.
894 3582 1055 3665 Schwartz.
1084 3586 1219 3660 ¹taruani-

13 3653 69 3704 tin
86 3653 143 3712 bis.
162 3654 258 3708 Gaeli.
278 3670 349 3707 am.
368 3670 425 3708 see.
465 3654 673 3709 Tauraunitium
690 3655 747 3709 MS.
765 3653 836 3730 ling.
859 3655 1061 3708 Tauraanstsun
1080 3651 1141 3730 edd.
1160 3650 1218 3704 lua.

15 3723 95 3778 Gron-
115 3733 145 3780 et
161 3725 234 3782 Ern.
253 3733 392 3794 tanquam
410 3743 426 3780 a
444 3725 501 3783 MS.
520 3725 601 3784 Flor.
629 3725 821 3780 Taurauntiurn
844 3727 967 3780 fortasse
994 3723 1051 3778 MS.
1079 3722 1179 3777 Gueli.
1202 3738 1219 3774 a

14 3795 613 3924 itt'i‘imnlffiuffl‘bismt'i)
629 3795 983 3924 ”attaminat
997 3794 1112 3922 iii
1125 3791 1218 3934 ts·

15 3903 39 3988 ri
55 3947 110 3996 cet.
130 3971 164 3984 ·-
197 3883 317 3994 mindaii:
349 3885 434 3996 :ddib
462 3888 776 3995 ridabdturaticidalid
808 3939 855 3992 oia
887 3904 997 3994 ditavit.
1033 3883 1220 4022 'df’nt'scturi

15 4011 145 4078 maniosa,
162 4027 257 4084 neque
275 4017 373 4065 umen
389 4013 566 4079 necessariae
588 4010 693 4066 Waitlt.
729 4009 774 4066 Ad
790 4007 821 4067 h.
841 4011 863 4063 l.
882 4013 958 4068 conf.
978 4009 1112 4064 Froutsn.
1130 4006 1218 4061 Strst.

14 4079 79 4146 29,
96 4084 127 4138 ὅ.
159 4082 295 4137 Domitius
313 4083 439 4150 catulo,
468 4099 543 4151 quani
567 4083 792 4148 Tigranocertam
817 4080 964 4148 obsideret,
989 4081 1021 4134 s'n
1042 4079 1169 4161 quendam
1186 4091 1220 4128 eu

13 4149 219 4222 Megistasitus,
236 4155 278 4220 (r.
297 4153 335 4209 ad
352 4155 397 4220 li,
415 4155 473 4222 27.)
490 4170 554 4224 quos
572 4160 690 4222 ceperat,
707 4154 908 4220 mimdaats't,
932 4157 1067 4236 caputque·
1086 4165 1144 4203 aaa
1162 4146 1219 4230 bal·

13 4221 72 4274 tuta
89 4225 320 4281 excusatura
337 4225 494 4280 maenia
516 4225 632 4281 tortian
655 4225 738 4283 aaut.
772 4225 808 4278 id
833 4225 905 4291 forte
927 4224 1032 4278 decidit
1055 4237 1085 4276 sn
1109 4219 1222 4275 aeman

14 4295 158 4366 tandin,
186 4297 257 4368 quod
282 4302 337 4352 tuns
360 4313 435 4367 quun
458 4298 570 4352 aaziae
595 4295 729 4352 nunu
756 4295 883 4352 tauri:
910 4297 949 4352 ad
965 4297 1040 4352 cuius
1056 4295 1221 4362 cosmatum
1287 4373 1291 4380 Ι
