2872 4786
347 213 358 232 “
443 201 895 278 ΔΒ·ΔΝΝΔ1ιῑιΙΒ.ῙΠ.’
1207 199 1292 316 5414

47 381 104 440 ieci
127 381 176 438 sal
197 377 387 451 immoriar
403 375 451 434 sel
467 369 609 450 elperico,
627 369 699 431 elsae
715 371 763 430 sel
779 369 812 430 sci
830 367 949 436 ὃεῦιιιιι
970 341 1028 429 sela
1043 375 1136 446 ειφΰν
1152 376 1272 448 Aoum

47 475 103 512 ura
121 452 169 510 ἀπ’
189 451 278 510 αὐτοῦ
294 453 439 520 κληθῆναι,
465 443 525 506 ὄντι
547 451 597 504 nai
612 441 726 518 ἤχθετο,
743 447 792 502 set
809 443 925 519 ὶπιιίμιι
948 449 996 500 sai
1013 446 1071 516 lita
1086 449 1136 502 sai
1152 450 1273 522 δημοσίᾳ

47 521 189 587 mollisse.
225 525 282 592 Qui
307 523 403 593 gladii
427 521 476 576 illi
499 519 661 578 Dnuicns‘l
695 519 761 596 Ego
792 535 852 573 non
877 519 950 575 elios
977 521 1152 586 censuerim,
1186 541 1272 595 quarn

49 601 130 667 illos,
150 597 255 668 quillus
272 598 319 650 usi
337 595 523 672 gladiatores.
559 596 619 648 lios
638 591 729 658 enim,
753 589 923 662 priusquam
946 591 1030 661 peris
1053 594 1274 659 committeren-

48 679 109 734 tur,
128 677 164 724 nt
180 669 257 724 sicae
275 667 339 723 sive
356 666 458 754 gladii,
476 665 580 736 quibus
598 681 638 735 pu
697 663 770 728 turi,
788 661 896 716 editori
916 660 1035 734 publice
1053 663 1273 735 exhiberentur,
1343 661 1346 668 ²

48 743 158 798 satisne
177 746 275 799 essent
292 747 379 794 acuti.
415 735 571 792 Suetonius
589 736 621 789 in
665 739 707 789 ito
726 751 751 788 c.
769 736 796 790 9.
815 731 851 788 ds
869 733 1029 788 coniuratis
1047 734 1172 790 duobus:
1194 739 1274 792 (lete-

47 831 113 868 ram
129 813 206 882 ipsos
224 825 279 866 non
297 812 385 864 solum
401 808 542 875 lunuliari
567 823 668 862 coenae
686 803 820 869 adhibuit,
845 804 897 859 ced
912 811 940 860 et
957 805 1118 876 insequenti
1133 810 1189 876 die,
1209 811 1274 878 glo.

47 886 195 942 Momm
217 883 385 952 spectaculo,
402 880 483 936 circo
501 895 533 935 ιι
549 895 584 936 es
602 879 747 934 industria
765 876 912 930 collocatis
929 876 1024 931 ollula
1042 878 1100 932 eiii
1113 889 1274 935 ornamenta
1310 906 1314 912 ·

46 955 234 1028 pugnantims
253 951 429 1022 inspiciendo
444 954 586 1022 porrexit.
621 951 668 1006 Ad
685 967 772 1021 qnem
789 947 887 1002 locum
913 945 993 1002 nihil
1010 948 1111 1004 videre
1129 952 1275 1025 interpre-

48 1039 105 1094 tes,
131 1030 226 1098 (quod
248 1042 303 1098 per
326 1026 452 1104 gestium
476 1039 578 1078 eorum
608 1020 720 1087 dicam)
752 1019 823 1074 scio.
866 1019 1015 1106 intelligit
1040 1018 1197 1078 Suetonius
1221 1024 1274 1080 hos

49 1101 130 1172 ipsos
148 1097 263 1176 gladios
291 1113 327 1152 ex
353 1111 435 1152 mors
461 1094 519 1148 ium
537 1095 634 1148 dictor
662 1092 784 1162 ideoque
801 1091 904 1146 Victor
923 1093 1041 1162 penisos
1063 1109 1124 1146 eum
1146 1095 1276 1162 gladium

50 1173 131 1235 elicit,
169 1167 234 1222 anei
251 1167 291 1222 ad
308 1167 512 1236 esplanandum
529 1165 629 1220 aciem.
665 1163 724 1218 Sed
749 1164 881 1234 apertius
905 1163 968 1232 ipse
985 1163 1042 1218 Dio
1060 1165 1092 1219 in
1110 1165 1210 1222 Nerva
1227 1171 1274 1237 48,

49 1245 77 1300 a
97 1242 132 1296 ds
143 1187 301 1312 dopmnis
315 1238 433 1294 Crasso:
452 1242 661 1310 ssapexadlaaeo
679 1233 712 1289 ol
729 1231 826 1296 αὐτοὺς
844 1232 876 1288 ἔν
892 1253 946 1288 τινι
962 1236 1014 1305 θέᾳ
1032 1236 1213 1306 ἀγνοοῦντας,
1233 1237 1276 1296 ὅτι

49 1319 277 1381 καταμιμήνυῐαι,
305 1315 351 1364 nal
375 1311 477 1366 idonee
501 1307 593 1371 αὐτοῖς
620 1310 699 1378 ξίφη,
729 1309 802 1374 λόγῳ
829 1305 891 1373 μὲν,
920 1305 955 1359 a?
975 1304 1178 1379 ἐπισκέψωνται
1195 1312 1275 1376 αὐτὰ,

50 1387 122 1456 ὅπερ
139 1387 221 1438 stads
238 1382 377 1450 γενέσθαι,
396 1381 421 1436 sl
440 1379 504 1442 dila
522 1379 606 1446 laeto,
625 1381 694 1450 ἔργῳ
721 1376 754 1431 al
776 1373 1007 1446 ἔπιδιιιινύμιιος,
1032 1379 1075 1436 ὅτι
1099 1383 1183 1438 οὐδὲν
1200 1387 1275 1452 αὐτῷ
1368 1420 1371 1434 .
1390 1403 1394 1414 ·

49 1457 126 1528 μέλει
138 1463 193 1512 etc.
214 1454 422 1524 Collocavitque
433 1470 480 1507 eos
490 1453 522 1506 in
541 1451 696 1522 spectaculo
708 1447 919 1532 quodaminodo
933 1465 973 1516 ιι,
992 1451 1111 1518 ignom
1122 1455 1195 1522 qaod
1207 1444 1277 1524 siro»
1336 1480 1339 1489 ι

50 1529 110 1584 dili
128 1533 228 1604 essent,
255 1525 347 1597 iisque
371 1525 487 1592 gladios
505 1523 635 1590 tradidit,
661 1521 746 1576 oeric
764 1521 885 1591 quedem,
910 1521 956 1574 ati
981 1521 1163 1592 inspicerent,
1183 1526 1277 1596 (quod

50 1599 116 1668 fieri
133 1597 258 1663 solitam)
277 1597 385 1654 satisne
403 1595 599 1664 aestimasne,
618 1610 651 1647 re
669 1599 761 1648 autern
779 1608 858 1658 aera,
884 1597 916 1645 nt
941 1595 1098 1648 ostenderet
1116 1603 1164 1653 etc.
1185 1597 1278 1654 Causa

51 1661 1277 1797 ιιᾶωιι

50 1761 121 1940 ἴοι-ἵ
134 1759 218 1898 ιειῗέξ
227 1811 282 1866 ills
300 1755 1079 1948 “wlgani,iiiielfemdinlliffiidobffligiffi
1093 1755 1277 1888 qiizllllls

51 1903 105 1942 acu
120 1900 151 1939 os
170 1901 208 1938 ns
226 1899 286 1938 non
303 1899 427 1956 perman
477 1899 490 1936 s
988 1897 1011 1934 s.

442 2021 539 2080 νιιι.
576 2021 621 2076 ιι
646 2021 726 2090 cap.
753 2017 887 2074 xrrrr.

121 2133 277 2191 Rhenanus
301 2132 334 2188 in
361 2131 492 2188 oratione
517 2127 657 2184 Eumenii
687 2125 816 2184 rhetoris
843 2143 868 2184 c.
889 2127 932 2200 ld.
951 2145 1007 2199 qua
1035 2136 1096 2184 est:
1128 2131 1279 2190 Mereatur

50 2213 78 2263 el
99 2205 178 2262 Galli
195 2206 297 2270 nostri,
315 2209 347 2260 at
366 2219 465 2258 earum
481 2201 588 2267 liberis,
608 2215 722 2270 quoram
739 2201 797 2253 trita
816 2199 846 2253 in
864 2201 1159 2269 Angusladanensiam
1178 2207 1279 2276 oppida

49 2279 185 2349 ingenuis
211 2277 319 2331 mettas
341 2274 473 2330 eruditas·
495 2280 545 2330 etc.
565 2281 667 2327 contra
684 2279 815 2328 veterem
834 2271 993 2327 editionem
1014 2273 1175 2332 rescribere
1192 2279 1280 2334 audet

49 2348 369 2420 Augustocliaiensiam
388 2347 485 2420 itaque
505 2343 603 2400 edidit.
641 2343 676 2396 Os
693 2340 836 2398 hominis!
864 2341 985 2399 Scilicet
1002 2353 1064 2402 tota
1083 2365 1115 2401 ea
1133 2350 1227 2404 oratio
1247 2351 1279 2404 in

50 2421 250 2478 Clisiensium
269 2418 378 2474 scholis
397 2416 592 2472 instaurandis
611 2421 788 2484 occupatur,
807 2431 930 2484 quarum
948 2420 1091 2472 memoria
1111 2417 1186 2484 (nisi
1203 2419 1280 2490 apud

48 2493 132 2550 hunc
156 2489 396 2558 dormitatorem)
421 2504 563 2558 nusquam
587 2491 637 2538 uut
660 2499 775 2538 nomen.
817 2483 925 2538 Assera
954 2487 1010 2540 tibi
1032 2491 1116 2541 ‘tuam
1140 2490 1278 2564 gloriam,

48 2563 308 2648 Augustodunum,
326 2561 375 2616 tel
393 2575 452 2613 uno
470 2560 543 2623 ictu,
563 2572 651 2626 quem
669 2552 774 2607 vitabit
792 2553 864 2623 ipse.
888 2553 1037 2637 Scriptum
1056 2558 1098 2611 ibi
1117 2561 1197 2614 enirn
1216 2579 1241 2616 c.
1253 2569 1278 2618 t.

48 2639 199 2693 civilatem
221 2635 306 2688 istam
332 2639 359 2688 el
379 2631 448 2686 olim
471 2632 601 2698 fraterno
626 2625 724 2698 populi
741 2625 864 2679 Romani
890 2642 999 2681 nomine
1020 2629 1186 2696 gloriatam.
1223 2633 1280 2699 Qui

48 2717 152 2766 autem
170 2723 186 2762 e
205 2706 299 2761 Gallis
316 2705 424 2758 iratres
441 2699 546 2772 populi
563 2698 687 2752 Romani
704 2705 824 2767 praeter
836 2696 960 2764 Aeduos,
979 2716 1103 2768 quorum
1117 2699 1191 2756 haec
1209 2703 1279 2758 urbs

48 2779 160 2852 caput?
196 2779 235 2832 Ar
254 2777 332 2832 enim
349 2775 459 2828 ibidem
478 2771 623 2842 scriptum,
646 2768 695 2834 (id
712 2785 753 2821 nu
775 2785 808 2821 er
825 2765 914 2824 horno
939 2769 1049 2825 arnicas
1067 2769 1142 2827 milii
1161 2771 1281 2830 obiicie-

48 2853 114 2912 bat)
132 2849 280 2904 latrocinio
299 2863 359 2900 eam
376 2845 517 2899 Batooiae
543 2840 707 2895 rebellionis
776 2854 869 2894 eseam
892 2837 998 2907 {aisee3
1030 2841 1108 2914 quod
1135 2845 1187 2898 vix
1211 2863 1281 2900 con-

48 2923 159 2978 venire
176 2919 297 2993 putabat
314 2919 346 2974 in
364 2917 488 2982 Aeduos,
508 2915 559 2987 qui
577 2931 593 2967 a
610 2913 727 2967 Batavis
752 2913 803 2964 siti
827 2911 916 2988 longo
934 2913 1104 2968 intervallo.
1142 2914 1199 2972 Sed
1216 2919 1280 2981 vito

49 2992 144 3050 facile
166 2992 342 3064 petitionem
369 2989 441 3054 eius,
475 2994 504 3041 et
528 2982 645 3039 discedo
673 2983 765 3038 latere
792 2990 879 3039 tecto.
917 2983 992 3038 Nam
1011 3001 1099 3038 carru
1121 2994 1168 3042 tus
1188 2988 1280 3058 locus,

50 3063 223 3136 scriboque:
241 3061 425 3128 Bagaadicae
444 3057 614 3112 rebellionis.
643 3055 744 3109 Batavi
761 3053 891 3108 latrones
910 3073 1060 3127 nunquam
1077 3004 1118 3112 ai
1132 3075 1165 3113 se
1181 3051 1284 3132 penite

50 3139 136 3200 locas
156 3151 209 3189 nec
228 3133 380 3187 latrocinii
399 3129 531 3184 Biturici
550 3125 661 3182 mentio
680 3127 713 3181 in
731 3125 954 3180 mediterraneis
975 3125 1026 3182 snb
1045 3127 1077 3182 id
1095 3147 1207 3186 aevum.
1243 3133 1282 3186 At

50 3209 90 3262 de
108 3205 252 3284 Bagaudis
271 3211 405 3259 suctores
423 3199 570 3265 credendi,
603 3200 655 3284 qsri
678 3213 726 3253 res
752 3197 935 3268 scripserunt
957 3197 1143 3255 Diocletiani.
1179 3201 1283 3258 Victor

50 3297 78 3334 c.
98 3281 142 3336 39.
172 3275 247 3332 Nam
267 3291 300 3328 ae
318 3273 367 3328 aii
385 3271 531 3342 comperit,
553 3269 803 3324 Carenidiscessa
827 3267 977 3323 Aelianum
994 3271 1207 3343 Aeneadumque
1229 3292 1283 3344 pes·

51 3349 181 3406 Galliam
199 3354 291 3403 eanta
309 3361 393 3398 mana
419 3343 574 3412 agrestium
599 3357 634 3396 ac
657 3341 807 3406 latronam,
836 3357 906 3412 quos
925 3343 1082 3410 Bagoudae
1106 3345 1214 3398 incolae
1234 3363 1283 3400 oo-

50 3428 130 3486 cant,
145 3415 290 3490 mulatio
305 3419 365 3484 lale
383 3415 477 3485 agris,
494 3416 642 3485 pleraeque
659 3413 770 3466 ordiam
788 3417 906 3478 tentare,
930 3413 1140 3468 Maximianum
1156 3417 1283 3486 impera·

50 3502 145 3548 iorem
229 3490 315 3544 iudet.
352 3487 505 3542 Salvianus
523 3486 558 3540 de
576 3484 735 3540 Gubernat.
758 3480 814 3538 Dei
831 3484 859 3550 S,
877 3483 905 3540 S.
940 3486 988 3540 lta
1008 3501 1041 3538 ae
1057 3489 1164 3555 passim
1183 3489 1228 3543 vel
1244 3491 1284 3546 aa

51 3561 161 3620 Gothos
179 3562 224 3615 vel
240 3562 279 3616 ad
296 3560 452 3630 Bagaadae
470 3557 515 3612 ael
535 3558 574 3610 ad
593 3557 667 3610 olias
684 3555 785 3625 ntique
800 3554 977 3610 dominantes
988 3503 1126 3612 iariaroe
1143 3559 1282 3628 migrant,

52 3643 82 3691 et
105 3635 249 3703 ιιιίιταιιι
274 3649 328 3686 non
349 3629 482 3701 poenitet.
519 3625 591 3683 Vide
616 3635 645 3682 et
671 3626 806 3681 Orosium
824 3629 851 3692 7,
870 3627 912 3683 li
940 3627 991 3682 ubi
1009 3635 1108 3684 tamen
1126 3631 1284 3688 Baticadae

52 3710 87 3764 in
106 3721 255 3760 manuscr.
274 3703 382 3770 codice,
410 3703 462 3774 qui
480 3701 555 3772 apud
574 3718 621 3755 me
640 3707 694 3764 est,
712 3698 833 3782 legitur,
862 3697 909 3762 (in
927 3698 993 3752 aliie
1018 3699 1095 3755 MSS.
1123 3703 1283 3772 Baacudae,

52 3778 244 3846 Baagandan
267 3776 429 3840 Vacandae)
456 3774 533 3827 sicut
557 3779 587 3826 et
604 3769 797 3824 Bacclsamdae
820 3769 851 3822 in
870 3769 990 3825 Eusebii
1010 3771 1167 3828 chronicis
1184 3775 1220 3828 ad
1239 3772 1282 3829 01.

51 3853 119 3908 266.
157 3847 177 3902 S
199 3849 329 3904 ernimus
348 3865 382 3902 er
430 3843 720 3914 Angusloclioienses,
738 3839 870 3895 Rhenani
890 3841 1007 3897 colonos
1026 3859 1133 3910 novos;
1152 3854 1182 3902 et
1199 3847 1284 3901 Mae.

52 3926 146 3978 niana
166 3921 173 3934 “
235 3919 365 3986 Augusto
386 3917 435 3970 ani
453 3915 668 3981 constituimus,
686 3920 720 3966 ut
737 3909 788 3966 hic
806 3929 842 3966 ex
854 3909 957 3969 Tacito
975 3914 1067 3981 vides,
1087 3913 1283 3975 vetustissima

51 4003 122 4068 post
140 3991 298 4046 Massiliam
319 3989 461 4044 bonarum
489 3988 598 4042 artium
618 3983 693 4038 sede.
713 3981 745 4052 a)

57 4146 63 4160 ,
127 4097 217 4154 ADD.
235 4097 357 4174 Ergone
374 4100 522 4153 ces-temen
548 4091 625 4150 mihi
642 4107 751 4146 novum
774 4106 831 4162 pro
850 4092 1000 4148 veteribus
1017 4093 1202 4148 Maenianis?
1230 4111 1283 4149 no-

52 4191 127 4227 vum
157 4179 187 4232 et
213 4188 259 4226 ms
282 4187 352 4224 num
383 4185 451 4222 curn
480 4168 547 4221 viro
576 4179 698 4240 magnos
733 4169 842 4230 tecum,
874 4162 1021 4236 Stephane
1048 4165 1144 4244 Pighi,
1175 4167 1225 4238 qni
1251 4169 1283 4220 in

52 4243 187 4300 Hercule
205 4243 260 4297 Pro
284 4241 340 4295 'cio
358 4257 463 4311 nuper,
483 4241 547 4309 ipso
564 4235 644 4290 editu
663 4235 708 4288 tui
727 4235 837 4306 operis,
864 4235 906 4290 ita
924 4237 1032 4291 acriter
1051 4243 1081 4292 st
1099 4237 1203 4292 multi·
1221 4255 1283 4291 ma-

52 4315 159 4386 chinis
184 4330 231 4372 eas
258 4312 445 4390 oppugnans,
479 4316 513 4364 nt
535 4307 676 4375 cosdem,
699 4323 740 4362 sn
765 4305 822 4363 eim
845 4307 1043 4385 repugnando.
1079 4307 1190 4364 Tamen
1214 4311 1282 4380 quie
