2826 4792
282 143 803 256 carurxx111.‘(s.u.'ee1.
826 173 865 241 A.
881 173 998 255 css.)
1211 175 1255 246 se

39 336 118 394 bilior
134 341 346 414 interpretatio
365 341 438 396 erite
456 339 602 408 suffecisse
618 339 698 408 clins,
716 336 748 395 b.
764 355 790 396 e.
818 339 1018 412 suppeditasse
1037 349 1167 397 senatum
1185 341 1254 398 urbi

41 430 105 496 snae,
122 412 293 498 infligentes,
312 411 456 498 &suanos
475 413 601 500 origine,
621 431 687 466 cuna
706 411 928 482 consanguineis
943 413 1068 482 populis,
1088 431 1155 467 cum
1173 415 1256 468 Lati·

37 483 395 612 bi’e.⁵⁰gbnuqeeuxecibi⁴thabibe
413 483 1107 626 ebbatobzuqiffesisiuelbpbuffbucibbe(ibagdi’pbge’eci·
1123 501 1256 626 sbbspiedi:

37 634 112 694 toste,
129 637 166 680 nt
185 645 233 698 ap.
253 628 317 680 biv.
337 631 365 694 9,
383 629 427 684 61.
448 625 500 681 Sil.
521 633 548 692 1,
567 629 611 684 36.
630 629 715 703 Virg.
734 629 768 680 in
788 628 840 681 Ge.
861 630 888 693 9,
907 627 968 682 iii.
988 629 1049 682 see.
1079 635 1109 681 et
1132 629 1164 681 in
1182 629 1254 684 Aen.

36 699 132 762 etto
155 702 186 764 9,
204 701 268 755 863.
305 697 355 752 Sic
374 713 487 769 quoque
504 699 599 776 tnagis
618 705 785 776 congruunt
802 698 856 752 illa
873 696 961 752 verba
980 705 1110 754 extrem
1128 716 1190 771 cap.
1208 703 1254 758 et.

36 797 64 812 ·-
81 771 188 824 sesnes
205 769 252 822 ιιι·
267 769 408 838 publicae,
425 788 456 822 τ.
475 769 510 824 ab
530 775 556 837 1,
576 775 602 837 1,
621 775 647 826 ³·

97 844 126 898 2.
146 841 225 912 quod
247 841 350 896 Veneti
366 848 394 896 et
413 841 556 908 Insubres,
579 839 684 912 populi
709 839 917 912 Transpadani,
946 839 1058 894 curiam
1081 840 1254 911 imperim,

36 912 64 964 vi
81 913 262 966 extorserint
280 913 327 965 ine
344 914 466 986 plenum
484 913 595 966 civinsn
614 919 646 968 et
668 912 922 984 adipiscendorum
946 914 979 965 in
996 911 1075 966 Urbe
1098 909 1255 972 bonorum.

36 982 77 1036 ot.
94 993 163 1038 nota
184 990 209 1040 1.
234 983 338 1038 Veneti
355 985 443 1038 etiem
461 984 485 1040 1.
515 985 558 1040 esi.
579 983 657 1054 Spir-
679 1011 710 1022 -
731 985 792 1038 nisi
809 991 904 1038 coetus
928 984 1157 1052 alienigenarum
1181 985 1257 1040 reiut

36 1056 182 1124 septicim
199 1056 362 1120 inferatur:
399 1055 482 1122 „lam
500 1054 537 1109 ab
554 1055 680 1110 ironiam
698 1063 854 1110 nauseant
871 1064 901 1109 et
919 1056 1001 1126 quasi
1017 1057 1173 1134 corrigunt
1190 1073 1259 1110 ver·

35 1125 96 1179 burn
113 1127 289 1196 inceperim
314 1126 394 1198 quod
422 1135 465 1182 est
488 1125 617 1180 bostium
642 1135 891 1198 armatorumque,
918 1135 953 1180 ut
997 1129 1073 1182 otius
1092 1127 1259 1198 captivitati

36 1215 91 1250 eam
108 1215 176 1253 rem
195 1207 377 1270 comparent.
395 1197 586 1254 Germanice:
604 1216 710 1252 wenn
729 1197 833 1252 nicbt
852 1199 951 1264 (etwa)
971 1145 1035 1254 <ier
1052 1199 1131 1253 Hau
1144 1201 1174 1253 ta
1192 1199 1259 1255 der

36 1267 229 1334 l'remden,
248 1271 304 1323 als
322 1270 402 1324 sei’s
418 1269 901 1347 eineGeiangenfiibrung,
920 1269 1053 1325 binain
1072 1269 1258 1347 gebracht

33 1339 187 1396 werde.“
217 1339 324 1398 Woltb.
360 1341 438 1395 llaec
464 1342 563 1412 potius
590 1341 768 1412 ἒνεργητικῶς
800 1359 886 1410 quarn
914 1345 1062 1410 εἰρωνικῶς
1088 1341 1258 1414 accipienda

35 1413 179 1468 sidentur.
220 1411 385 1480 eaptivitas
403 1412 481 1467 dieta
498 1419 532 1464 ut
551 1415 596 1477 1³,
614 1415 659 1468 15.
684 1414 723 1476 16,
735 1417 785 1470 15.
804 1413 840 1465 ll.
859 1417 887 1478 3,
908 1415 950 1468 79.
970 1417 1013 1471 83»
1034 1414 1079 1468 Gt.
1099 1413 1135 1468 ed
1155 1415 1196 1478 11,
1210 1415 1258 1481 49,

35 1487 58 1538 1.
76 1485 236 1536 nisi'censs
251 1482 311 1537 th.
331 1483 410 1539 Flor.
432 1485 581 1538 inseretur
598 1500 622 1538 c.
642 1483 709 1552 Urs.
731 1513 763 1524 -
783 1501 862 1560 quem
880 1485 957 1537 ultro
974 1483 1106 1538 bonorem
1132 1483 1259 1539 residuis
1305 1525 1310 1542 .

35 1555 169 1608 nobilium
187 1555 254 1608 scil.
272 1557 344 1623 fore,
363 1553 418 1622 (cf.
439 1554 501 1608 lnb.
520 1555 574 1609 111.
595 1573 624 1609 v.
644 1555 770 1624 Eilipsee
789 1557 814 1609 1.
833 1556 876 1623 β.)
905 1557 1003 1610 uulsi
1028 1557 1092 1628 quis
1117 1569 1259 1626 paupere

34 1625 110 1680 botis
128 1633 249 1680 senator
269 1629 353 1693 foret,
383 1635 433 1680 aut
456 1643 512 1698 pau
534 1625 631 1680 eribus
656 1627 773 1681 elsatio
801 1629 1002 1682 senatoribus?
1039 1627 1102 1693 „Si
1125 1629 1258 1698 positum

33 1699 123 1782 tiberi
143 1705 245 1768 potest
258 1706 297 1784 pt
316 1699 496 1783 Graecorum
513 1645 558 1764 br,
578 1714 635 1768 quo
654 1696 703 1751 illi
721 1705 846 1751 utuntur
865 1697 1204 1772 ininterrogationibus,
1223 1699 1259 1750 ut

32 1776 178 1894 titii
193 1767 916 1918 ti¹t⁰ftit¹²ffit¹tgtttte⁶ititini
929 1769 1260 1894 itttttstt‘mt:

32 1911 175 1994 langep
192 1910 330 1968 wtirsle.
367 1909 512 1966 Similiter
538 1913 568 1965 si
591 1913 701 1965 recenti
724 1912 849 1980 exemplo
874 1911 934 1965 sibi
960 1911 1019 1980 ipsi
1037 1860 1224 1965 casselensi
1229 1915 1258 1978 1,

32 1987 72 2038 tb.
90 2001 138 2054 pr.
168 1983 223 2036 ubi
250 1983 280 2036 si
306 1992 349 2036 est
367 1983 420 2037 Gr.
441 1983 474 2048 el,
493 1991 626 2037 nostrum
645 1985 686 2036 ob.
706 1983 750 2038 Gi.
770 1981 910 2036 Matthiae
935 1983 986 2038 Gr.
1007 1983 1061 2038 Gr.
1088 1981 1110 2048 5.
1131 1986 1194 2042 ⁵2⁶.
1228 1990 1258 2038 et

31 2055 168 2108 lierman.
198 2054 236 2107 ad
254 2055 353 2130 Viger.
382 2063 481 2110 annot.
506 2055 590 2112 312ss
623 2054 727 2108 Wstn.
766 2054 816 2108 Sic
832 2054 863 2108 αι’
885 2070 941 2125 pro
960 2071 1035 2120 num,
1054 2070 1091 2107 an
1110 2059 1137 2123 l,
1156 2057 1200 2112 48.
1228 2058 1258 2122 4,

30 2129 70 2182 49.
89 2121 126 2182 H.
148 2128 176 2188 3,
196 2128 243 2180 36.
265 2134 294 2179 et
312 2124 350 2179 al.
370 2128 408 2178 ct.
427 2125 516 2182 Drak.
536 2126 572 2180 ad
589 2125 653 2181 Liv.
672 2131 700 2193 4,
718 2129 762 2185 10.
782 2127 806 2182 8.
838 2124 935 2196 Spalb.
962 2125 996 2180 ad
1021 2125 1118 2191 Quint.
1138 2129 1166 2192 3,
1187 2131 1212 2188 1,
1230 2129 1258 2182 3.

32 2196 107 2251 Cort.
128 2195 167 2248 ab
186 2195 260 2252 sall.
281 2196 345 2274 lug.
366 2215 391 2250 o.
411 2200 453 2254 48-
474 2214 534 2254 exo.
554 2201 580 2253 4.
600 2197 678 2254 nuk.
698 2198 733 2251 ab
751 2197 832 2250 Flor.
852 2207 877 2262 3,
897 2199 925 2264 3,
943 2199 969 2252 6.
991 2196 1122 2250 Ellendt.
1142 2196 1177 2251 ab
1195 2196 1256 2255 Cio.
1309 2225 1310 2228 ¹

30 2269 108 2322 Brut.
129 2266 161 2335 §.
184 2270 247 2324 184.
267 2285 297 2339 p.
318 2271 378 2325 1³¹2.
403 2268 537 2346 Wagner
554 2266 590 2322 ab
607 2271 689 2345 Virg.
708 2269 779 2324 Aen.
800 2273 826 2333 1,
846 2271 907 2325 377.
945 2267 1002 2322 Sed
1020 2268 1073 2322 illa
1100 2269 1258 2339 explicatio

30 2357 85 2394 non
104 2338 224 2406 multis,
243 2339 362 2410 opinor,
380 2341 537 2406 arridebit,
565 2338 700 2410 pluribus
720 2348 814 2394 autem
841 2341 987 2394 correctio
1011 2339 1152 2394 Acidalii:
1179 2355 1260 2410 quem

28 2413 104 2464 abre
122 2409 262 2464 bonorem
280 2443 311 2454 -
332 2413 404 2479 fore,
424 2429 509 2482 quam
528 2427 665 2482 recepero
683 2411 755 2464 loll.
775 2410 837 2481 Bip.
859 2411 918 2465 ob..
935 2419 965 2465 et
988 2411 1050 2466 alii.
1089 2426 1160 2482 quoe
1183 2412 1258 2464 uitro

28 2515 58 2528 -
87 2483 180 2538 elatio
211 2487 327 2535 senotm
352 2484 426 2548 foret
450 2482 493 2538 etl.
518 2481 597 2554 Spir.
635 2482 736 2536 elutior
760 2491 875 2536 senator
898 2481 956 2540 MS.
977 2482 1074 2536 Guelf.
1099 2481 1177 2552 quod
1194 2483 1260 2552 pla·

28 2557 120 2608 ruisse
147 2553 282 2610 Stromb.
305 2555 436 2608 mireris.
467 2585 500 2596 -
531 2555 692 2622 oppleturos
718 2555 814 2607 omnia
841 2555 939 2609 curiae
964 2562 993 2607 et
1018 2552 1163 2606 honorum
1183 2554 1258 2606 loca.

27 2627 211 2694 opplecturos
229 2623 275 2678 ed.
295 2623 373 2694 Spir.
393 2658 426 2668 -
445 2627 520 2692 ferro
539 2626 621 2694 vique
640 2623 718 2683 MSS.
738 2625 818 2678 Flor.
839 2625 937 2680 Guelf.
959 2623 1030 2677 Bud.
1049 2622 1168 2693 aliique,
1193 2624 1258 2678 edel.

27 2697 103 2768 Spir-
122 2697 210 2767 Lips.
230 2703 259 2749 et
282 2712 342 2750 rec.
361 2698 440 2763 ferro
465 2697 583 2766 ignique
602 2695 662 2750 edd.
692 2701 747 2750 cet.
767 2703 834 2751 ante
859 2697 938 2766 Lips.
977 2727 1010 2739 -
1036 2694 1130 2748 diuum
1153 2695 1260 2747 lulium

28 2771 103 2836 opud
121 2766 258 2820 Atesim
276 2765 366 2833 (nunc
384 2768 478 2836 Alite)
505 2767 677 2846 obsederint,
702 2787 728 2822 v.
750 2767 854 2822 Caesar
872 2767 903 2820 B.
924 2766 959 2821 G.
979 2769 1006 2833 7,
1026 2768 1067 2822 79.
1096 2763 1189 2821 Strab.
1208 2764 1258 2821 IV.

25 2859 53 2911 p
73 2843 140 2896 132
157 2839 241 2894 vett
253 2840 282 2902 1,
294 2842 339 2895 41.
359 2838 473 2894 Reines.
493 2847 571 2908 synt.
591 2841 680 2896 inser.
701 2845 727 2904 l,
747 2841 806 2896 ret.
829 2865 861 2877 -
882 2839 951 2910 quid
969 2837 997 2891 si
1014 2836 1149 2890 monerio
1164 2852 1259 2890 eorum

27 2913 192 2964 iasa-iretur·
220 2909 285 2962 edo
312 2927 412 2966 ornnes
442 2919 561 2982 praeter
587 2907 665 2981 Spir.
691 2910 754 2982 Bip.
780 2909 870 2965 Bekk
897 2911 934 2968 11.
973 2908 1029 2964 Sed
1052 2907 1110 2962 boc
1134 2909 1258 2962 verbum

26 3001 83 3038 non
102 2983 167 3036 nisi
187 2979 255 3036 b.l.
274 2997 291 3032 r
329 2982 423 3036 eritur
442 2990 471 3037 et
489 2981 628 3036 inoriente
648 2981 693 3035 elie
712 2983 743 3035 in
762 2980 840 3034 MSS.
860 2980 974 3052 aliquot
998 2981 1100 3034 Front.
1122 2977 1209 3033 Strat.
1228 2982 1257 3044 2,

26 3061 49 3110 1.
67 3058 236 3108 moreretur
255 3049 302 3104 MS
326 3091 332 3104 .
352 3052 431 3110 Flor.
451 3053 520 3108 Butl.
541 3052 566 3105 A
605 3098 611 3110 .
631 3053 695 3110 vit.
715 3056 795 3110 1864.
815 3055 893 3107 1958.
914 3051 975 3106 edd.
994 3050 1071 3121 Spir.
1091 3047 1256 3122 Bip.lieklt.

27 3129 91 3182 mai.
111 3129 281 3178 mereretur
305 3121 362 3177 tos.
384 3123 481 3178 Guelf.
508 3131 676 3177 memoretur
693 3143 709 3177 a
727 3143 766 3180 m.
787 3139 842 3178 sec.
862 3121 939 3175 MSS.
959 3121 1030 3196 Reg.
1050 3130 1079 3178 et
1097 3124 1159 3178 vat.
1180 3125 1258 3180 1958.

27 3201 204 3250 moratur
210 3193 269 3251 118.
275 3193 344 3272 neg.
351 3195 456 3266 ltyckii
469 3214 494 3249 a.
503 3215 541 3250 m.
555 3213 602 3267 pr.
620 3195 686 3248 Viri
700 3196 779 3250 ‹locti
789 3193 941 3250 coniecere
950 3200 1110 3261 movemur,
1124 3194 1257 3260 iniretur,

27 3271 157 3332 iterem,
178 3267 374 3330 innovaretur,
389 3269 543 3333 reuocetur,
553 3273 741 3332 reuocaretur,
751 3272 910 3332 renouetur,
920 3272 1110 3332 renovaretur,
1122 3265 1259 3320 recolere-

29 3349 80 3406 tar,
98 3339 246 3393 mortorio
255 3337 395 3392 Senonum
405 3345 566 3392 moueretur.
587 3371 619 3382 -
628 3339 677 3410 qui
687 3339 821 3406 capitolio
833 3343 859 3390 es
873 3352 924 3389 ara
933 3337 1061 3390 linusano
1069 3339 1201 3391 menibus
1212 3353 1260 3391 eo·

28 3414 147 3466 eandm
154 3427 213 3481 per
222 3425 254 3462 se
264 3410 360 3462 satis*
377 3409 455 3464 MSS.
468 3411 549 3465 Flor.
568 3411 606 3476 (si
619 3409 742 3464 Picbena
755 3419 837 3465 recte
850 3409 928 3479 cepit
943 3419 1026 3464 notas
1039 3408 1184 3462 obscuras.
1205 3425 1257 3462 aru

29 3499 146 3538 ramesse
165 3481 300 3534 monibus
316 3481 464 3535 eorundem
480 3477 554 3550 Μ’
575 3483 648 3536 sutis
665 3484 694 3550 *,
716 3481 855 3552 equibus
874 3481 937 3533 orci
953 3481 1032 3534 Rom.
1051 3497 1087 3535 m.
1108 3498 1132 3534 e.
1149 3488 1256 3548 pestem

29 3557 132 3608 sumes·
151 3561 223 3608 sunt
242 3551 346 3605 elicuit
362 3552 418 3606 lec.
439 3553 530 3610 Gron.
552 3560 581 3608 et
600 3571 668 3624 quas
687 3553 805 3607 silentio
823 3553 1048 3622 praetermisere
1061 3553 1209 3606 Victorius
1228 3559 1257 3606 et

28 3628 98 3689 Fen)
118 3627 197 3701 lieg.
218 3624 316 3676 Guelt.
336 3623 405 3677 Bul.
423 3627 488 3695 Yet„
510 3628 586 3682 1864.
608 3629 685 3683 1958.
706 3625 737 3677 in
755 3641 818 3677 mar
841 3661 848 3673 .
874 3623 937 3680 edd.
957 3622 1036 3696 Spir.
1065 3630 1094 3676 et
1116 3639 1175 3680 reo.
1212 3622 1258 3677 lta

32 3709 58 3750 et
77 3695 160 3750 MSS.
181 3697 249 3748 vat.
269 3697 346 3751 1958.
375 3695 444 3773 Agr.
468 3696 535 3752 edd.
561 3697 624 3754 Put.
648 3699 715 3753 19.
742 3695 807 3750 Ber.
882 3713 927 3748 en¹
954 3702 983 3748 et
1001 3700 1056 3747 cet.
1077 3702 1144 3747 ante
1163 3693 1255 3764 Ryck.

30 3771 86 3822 nisi
109 3767 193 3839 quod
211 3767 244 3818 in
262 3763 310 3818 bis
329 3765 393 3822 edd.
419 3776 461 3820 est
477 3769 629 3836 marmotis
646 3784 701 3840 pro
718 3784 769 3835 per
786 3783 817 3820 se
835 3767 909 3819 solie
927 3771 957 3818 et
975 3766 1007 3818 in
1025 3763 1082 3819 ets.
1107 3765 1177 3821 Aur.
1197 3779 1257 3818 mo·

32 3841 127 3894 ratiis
144 3853 206 3911 pro
223 3837 361 3892 monibus.
399 3835 453 3892 lies
480 3840 542 3910 ipsa
560 3839 712 3892 notissima
739 3857 774 3894 ex
793 3839 857 3891 Liv.
878 3841 906 3902 5,
924 3839 968 3892 48.
1003 3836 1053 3889 sed
1077 3811 1164 3889 verbs
1185 3835 1258 3890 baec

32 3911 136 3964 mutila
156 3916 191 3964 et
209 3917 270 3961 tana
287 3906 371 3962 foede
389 3920 528 3980 corrupta
545 3929 562 3965 a
580 3910 721 3972 librariis,
752 3918 786 3962 ut
810 3913 922 3962 frustra
944 3907 1064 3982 ingenio
1089 3923 1139 3960 suo
1159 3906 1257 3961 indul·

32 3985 125 4036 serint
144 3981 209 4034 viri
229 3979 318 4031 docti.
348 3979 398 4049 qui
416 3982 579 4048 capitolium
598 3987 624 4034 et
643 3997 735 4034 arcem
752 3981 832 4035 Rom.
852 3979 995 4032 moenibus
1021 3979 1168 4032 ecnsndem
1190 3995 1256 4047 pro-

34 4055 155 4107 seratis?
176 4057 228 4112 (sc.
250 4050 422 4114 obsederint)
441 4055 516 4106 coni.
536 4054 558 4107 l.
579 4053 627 4106 Fr.
647 4051 735 4105 Gron.
762 4053 811 4122 qui
830 4057 911 4119 capto
939 4050 1008 4120 olins
1026 4054 1052 4100 et
1078 4065 1144 4102 orso
1168 4051 1257 4104 Roma
1363 4059 1369 4072 ·

34 4127 161 4179 mrbus
180 4122 331 4176 conensem
346 4125 484 4191 posnan·
501 4125 610 4189 suerint
627 4121 759 4180 Freinsh.
780 4122 844 4194 quis
863 4139 877 4175 e
896 4120 1028 4190 capitulio
1047 4127 1074 4173 et
1093 4137 1159 4174 aree
1176 4123 1256 4175 Rom.
1277 4159 1284 4183 ,

33 4205 63 4248 et
80 4195 148 4265 quis
173 4193 339 4262 capitolium
370 4201 398 4246 et
422 4211 512 4249 urcem
534 4195 614 4248 Rom.
639 4194 786 4248 manubias
810 4195 924 4248 deorum
945 4193 1087 4260 pensastis
1110 4191 1258 4256 Heinsius,

34 4269 82 4335 qn·
98 4267 241 4338 capitolin
258 4273 285 4320 et
301 4279 369 4318 eree
388 4265 466 4322 Rem.
486 4267 615 4322 monibus
632 4267 780 4322 emendem
797 4268 857 4334 fere
874 4264 1014 4336 superent
1030 4260 1152 4332 prensam
1169 4261 1202 4316 P.
1223 4265 1256 4324 lt.

68 4375 130 4447 οη.
156 4376 221 4433 rac.
262 4375 295 4430 r.
310 4371 352 4429 11.
1047 4341 1067 4399 ⁴
