2854 4788
176 249 239 318 tel
561 237 806 310 ANNALlUM
826 241 912 308 LIB.
934 240 1028 307 XVI.

175 413 408 546 praeponentis
422 413 523 480 misse,
548 427 608 466 non
627 409 671 474 P..
699 429 715 470 e
733 413 779 494 11,
796 413 840 492 ill.
859 413 954 482 patet;
979 409 1048 462 Era.
1085 407 1166 461 iueeo
1183 423 1250 461 mox
1266 405 1315 460 rel
1330 411 1384 472 port

201 488 291 544 '⁸⁰⁶⁰
308 503 354 556 “²’'
373 483 607 612 ⁰‘li⁵·a¹i¹3⁰i'1}'
625 477 1383 620 dl.'littoream,desltttl‘aalft

175 559 444 690 &effingat
464 573 609 681 madiis}
628 625 754 696 quodie
772 633 838 680 ante
855 571 1097 680 loereeqfoouum
1125 625 1156 676 ln
1185 594 1235 676 eds
1258 619 1332 692 Spir.
1359 591 1384 670 li

176 705 245 772 (ori.
265 703 329 756 edo.
348 700 442 754 hortea
456 715 541 768 saepe
559 713 602 766 sp.
621 695 679 752 MS.
698 695 768 750 llud.
787 696 855 752 edo·
868 695 960 750 enen.
981 699 1008 752 1.
1026 699 1053 752 3.
1073 702 1103 750 et
1121 701 1177 746 cet.
1200 725 1234 737 -
1267 689 1384 744 lacteam

176 789 259 830 m
277 772 353 830 eeroi
369 787 447 840 aare,
465 789 495 823 v.
514 767 549 823 ad
569 771 612 834 u,
630 771 676 832 l'l,
695 773 721 824 ³.
743 795 775 806 -
813 767 955 837 appreeeit
983 768 1114 820 dextram
1137 765 1209 832 eires,
1236 763 1321 817 terri.
1346 761 1382 813 of.

177 845 213 902 ad
229 847 256 910 1,
274 848 320 910 21,
339 849 364 900 1.
385 870 418 886 «-
452 841 605 911 iuguloque
623 839 757 906 occurrit,
775 839 906 895 admovit
924 838 1035 893 collum
1053 838 1172 892 dextrae
1198 834 1278 890 servi
1294 835 1383 910 pugio·

178 913 459 982 nominaveritis,
481 913 551 969 Era:

620 1035 811 1094 canor
856 1036 945 1110 xvi.

259 1147 366 1210 Etiam
394 1148 424 1212 ci
450 1147 538 1210 bella
571 1156 708 1208 externa
740 1153 774 1207 et
800 1145 906 1207 obitas
935 1163 998 1226 pro
1032 1162 1071 1207 re
1103 1141 1242 1224 publica
1276 1145 1382 1200 morter

178 1237 271 1296 tanta
307 1249 443 1292 castrum
479 1228 698 1292 similitudine
732 1245 965 1304 memorarem,
1006 1246 1124 1307 meque
1156 1227 1268 1306 ipsum
1302 1225 1384 1282 satias

178 1316 321 1397 cepisset
353 1313 561 1392 aliorumque
594 1311 741 1374 tiodiem
776 1317 1014 1393 exspectarem,
1056 1310 1209 1390 quamvis
1244 1307 1382 1368 honestos

177 1399 303 1460 civium
334 1397 455 1474 exitus,
488 1397 602 1458 tristes
631 1407 743 1456 tamen
774 1402 809 1455 et
839 1394 1014 1454 continuos
1040 1391 1304 1473 aspernantium.
1348 1389 1382 1449 llt

172 1499 267 1562 ,nunc
287 1481 450 1564 patientia
470 1479 603 1540 servilia
624 1485 819 1558 tantumque
840 1477 1012 1562 sanguinis
1041 1473 1133 1536 domi
1161 1471 1381 1555 perditumlia·

177 1565 287 1652 tigerat
306 1563 453 1623 animum
475 1568 509 1622 et
529 1563 695 1623 maestitia
727 1559 953 1646 restringunt:
988 1577 1094 1640 neque
1115 1558 1219 1619 aliam
1241 1555 1383 1618 defensio-

178 1665 254 1708 nem
274 1643 315 1706 eb
336 1645 390 1718 iis,
411 1643 530 1728 quibus
552 1645 615 1708 ista
644 1650 837 1720 noscentur,
873 1644 1041 1728 exegerim
1069 1661 1167 1723 quam
1201 1658 1246 1701 ne
1273 1636 1381 1700 oderim

179 1737 246 1790 tam
268 1727 415 1812 segniter
437 1734 627 1809 pereuntes.
671 1726 726 1787 Ira
747 1725 806 1786 illa
826 1726 1001 1786 numinum
1023 1726 1125 1786 iures
1138 1723 1302 1784 Romanas
1321 1721 1381 1794 luit,

178 1831 276 1896 quam
298 1829 375 1886 non,
408 1817 449 1870 ut
479 1811 515 1872 in
542 1808 692 1872 cladibus
714 1810 922 1871 exercituum
957 1814 1016 1868 aut
1036 1807 1236 1888 captivitate
1256 1804 1381 1874 urbium,

178 1893 279 1956 semel
301 1889 393 1954 edito
413 1895 562 1954 transire
583 1892 670 1954 licet.
703 1891 813 1953 Detur
835 1890 899 1953 hoc
914 1890 1099 1952 illustrium
1116 1891 1273 1951 virorum
1292 1879 1381 1966 poite

179 1977 287 2050 ritati,
308 1983 358 2054 ut,
380 1975 545 2058 quomodo
567 1977 731 2057 exsequiis
749 1992 768 2035 e
790 1975 980 2057 promiscua
1001 1974 1176 2054 sepultura
1193 1975 1382 2053 separantur,

177 2061 227 2121 ita
254 2061 291 2120 in
310 2056 499 2158 traditione
527 2076 762 2140 supremorum
791 2057 958 2140 accipient
985 2055 1198 2140 habeantque
1229 2054 1380 2137 proprian

179 2159 385 2205 memoriam.

132 2260 139 2280 ¹
250 2261 276 2315 1.
295 2273 322 2311 m
357 2271 391 2313 ree
408 2257 501 2327 ipram
519 2257 612 2311 eattae
634 2256 753 2328 cepiraei
772 2255 851 2314 MSS.
870 2257 950 2312 Flor.
976 2253 1063 2324 (teste
1080 2257 1172 2323 Vict.)
1197 2255 1289 2311 vatic.
1307 2249 1382 2322 Lipsii

179 2339 209 2386 et
224 2328 297 2383 hinc
350 2329 377 2382 d.
397 2329 476 2398 Lipa.
497 2329 583 2383 Grut.
599 2328 682 2394 Pieli.
702 2347 764 2400 sqq.
801 2328 852 2383 Sic
870 2331 963 2384 eattae
979 2332 1007 2396 ³,
1025 2332 1070 2384 30.
1081 2331 1125 2385 54.
1145 2331 1173 2397 5,
1186 2331 1233 2384 38.
1253 2327 1297 2382 Gi.
1308 2323 1380 2377 lint·

179 2403 215 2457 ad
232 2401 285 2456 sil.
303 2403 332 2466 l,
352 2403 413 2458 llo·
432 2407 463 2454 et
479 2399 630 2454 Heindorf.
650 2401 686 2456 ad
704 2402 765 2458 (lic.
783 2401 820 2455 N.
839 2399 874 2453 D.
893 2404 921 2467 3,
939 2401 984 2465 38,
1002 2403 1048 2456 90.
1074 2401 1197 2455 satietas
1215 2397 1289 2453 orso.
1300 2393 1380 2450 Guell.

180 2472 289 2544 aliique
307 2489 324 2525 a
341 2469 420 2528 Brea
440 2471 553 2536 collati,
572 2471 636 2526 edd.
661 2481 721 2527 vet.
747 2479 815 2527 ante
840 2473 919 2543 Llps.
956 2471 1032 2526 Dein
1057 2472 1181 2526 aliorum
1207 2469 1327 2524 tcediwa
1345 2481 1381 2518 er·

179 2548 305 2616 pecteret
331 2541 376 2597 ed.
396 2542 473 2613 spir.
500 2549 529 2596 et
547 2542 688 2608 contiuuo,
713 2552 746 2597 ut
765 2543 822 2598 MS.
843 2543 943 2598 Gueli.
961 2561 978 2595 a
995 2561 1036 2596 m.
1057 2559 1112 2596 sec.
1133 2577 1166 2587 -
1206 2543 1247 2596 Ar
1264 2540 1382 2595 omnium

181 2617 213 2672 in
231 2614 289 2670 MS.
310 2613 407 2668 Guelf·
428 2621 457 2669 et
473 2613 572 2680 patria
594 2630 650 2685 pro
674 2615 826 2683 patientia.
845 2643 880 2668 ,-
915 2613 1106 2680 ιιτυὲἱὲε,·οἰ.
1124 2614 1191 2668 lnrl.
1212 2613 1253 2666 11.
1272 2645 1302 2656 -
1335 2615 1382 2661 laa-

182 2693 292 2756 tamque
318 2684 472 2754 sanguinis
496 2685 573 2738 domi
592 2682 749 2754 perditum,¹
775 2689 815 2744 cf.
836 2686 900 2740 lud.
921 2685 975 2740 111.
1001 2704 1029 2741 r.
1055 2685 1219 2755 Perlicipio
1235 2685 1306 2754 pert·
1321 2692 1381 2750 ραυ-

180 2775 233 2826 pro
255 2755 439 2812 mtataatioia
458 2757 611 2810 abstractir
627 2761 656 2828 p.
675 2761 736 2816 819.
757 2789 790 2801 -
827 2772 912 2826 neque
930 2755 1019 2810 aliam
1036 2757 1238 2824 desertionem,
1261 2750 1382 2808 narratio-

182 2830 229 2884 nit
252 2845 332 2883 meae
358 2828 584 2893 excurationem,
611 2831 738 2894 veniam,
769 2829 804 2883 ad
829 2829 878 2890 iia,
906 2829 1005 2897 quibua
1023 2827 1094 2895 isla,
1122 2829 1197 2899 ipone
1217 2829 1274 2881 iam
1291 2824 1346 2876 dixi
1361 2827 1382 2872 sl

182 2917 261 2954 nunc
278 2900 409 2953 dicturus
428 2915 503 2964 sum,
522 2904 677 2966 noscentur,
704 2901 847 2968 exegerim
865 2913 948 2968 quam
965 2917 1008 2964 ne,
1026 2907 1148 2966 utnon,
1173 2899 1221 2966 (r.
1241 2899 1276 2951 ad
1292 2899 1331 2960 11,
1347 2893 1382 2952 3²2

182 2969 221 3036 2>
239 2969 357 3036 oderim,
375 2969 470 3024 odisse
487 2969 582 3024 videri
600 2973 721 3042 poesim,
745 2979 805 3026 ram
822 2971 948 3040 regaiter
963 2978 1122 3039 pereuntes,
1150 2973 1246 3025 instar
1261 2958 1381 3040 pecorum

183 3040 265 3096 caedi
292 3057 323 3094 se
346 3041 501 3112 patientes,
532 3039 563 3096 h.
584 3059 608 3099 e.
633 3051 668 3097 ut
691 3044 841 3116 profitear,
868 3044 1041 3096 memoriam
1065 3043 1170 3097 mortis
1189 3057 1291 3096 eornm
1306 3033 1382 3120 nugis

182 3111 336 3178 mauritta,
355 3129 441 3182 ιιιιαιιι
458 3111 535 3176 odio,
562 3113 607 3167 ira
631 3122 661 3168 at
677 3115 879 3197 increpatione
904 3113 1060 3180 patientiae
1083 3113 1212 3180 servilia,
1231 3129 1286 3183 qua
1302 3121 1382 3180 perre-

183 3185 257 3249 rint,
281 3181 356 3236 mihi
370 3181 499 3268 ‘dignam
525 3183 637 3238 videri:
666 3200 799 3240 nam-ero
825 3185 880 3238 illa
903 3185 1045 3238 eniminum
1062 3185 1092 3239 iu
1109 3201 1157 3238 rea
1174 3186 1315 3239 Romanae
1329 3176 1381 3244 fait,

185 3253 271 3323 culpa
289 3261 394 3308 mortis
412 3273 445 3308 m
462 3255 555 3308 iatum
573 3257 670 3326 potius
687 3264 719 3312 et
736 3257 829 3310 diram
848 3258 1064 3321 necessitatem,
1093 3273 1180 3326 mnam
1203 3257 1235 3308 in
1255 3257 1264 3307 i
1285 3251 1380 3312 naviam

185 3341 286 3378 eorum
304 3323 488 3381 conterenda.
525 3327 636 3382 oderim
652 3325 730 3382 MSS.
750 3327 829 3381 Flor.
850 3327 920 3380 Buri.
932 3327 1030 3383 Guelf.
1045 3327 1154 3399 aliique
1172 3337 1202 3382 et
1221 3325 1255 3380 ed
1277 3364 1282 3374 .
1300 3335 1381 3376 omne!

185 3402 252 3450 ante
275 3395 391 3466 Bipont.
436 3395 494 3449 uod
516 3407 693 3453 revocarunt
717 3398 808 3454 Bekis.
834 3399 865 3451 in
890 3399 934 3452 ed.
953 3401 979 3454 1.
1004 3407 1034 3453 et
1051 3399 1156 3455 Ritter.
1193 3397 1302 3452 oderint
1317 3389 1379 3454 MSS·

186 3465 271 3522 Corb.
290 3467 359 3544 Agr.
380 3415 443 3551 ‘'²¹13ss
461 3466 525 3540 Bip.
544 3469 638 3524 Oberl.
659 3469 753 3526 Bekk.
773 3475 798 3526 1.
820 3467 894 3524 tun.
914 3470 1017 3526 Kieesl.
1042 3470 1175 3538 Waltle.⁴
1198 3467 1308 3536 „liniue
1324 3462 1380 3516 scri·

186 3544 288 3621 ptume
307 3546 450 3592 sententia
468 3549 527 3594 est:
554 3558 571 3594 a
597 3541 709 3596 lectore
731 3557 791 3595 non
816 3541 970 3617 exigimus,
995 3549 1030 3595 ut
1047 3541 1168 3595 illorum
1194 3539 1327 3596 servilem
1341 3551 1380 3604 pa·

186 3610 320 3662 centiam
338 3608 473 3664 defendat
497 3617 548 3664 aut
572 3621 699 3677 excuset,
723 3613 773 3667 sed
790 3611 847 3666 hcc
864 3621 988 3679 tantum,
1016 3631 1052 3667 ne
1071 3613 1142 3666 istos
1160 3611 1226 3666 odio
1243 3622 1380 3682 prosequ-

186 3687 339 3762 tur;··nem
356 3698 405 3734 res
422 3681 480 3734 fuit
496 3681 584 3752 plane
601 3684 708 3738 letalis.
728 3684 773 3737 cf.
793 3683 888 3738 Rhen.
907 3684 943 3738 ad
959 3681 989 3740 h.
1010 3683 1050 3740 l.“
1074 3681 1190 3742 Walllr„
1215 3682 1330 3750 „Verius
1346 3681 1380 3728 est

187 3751 304 3828 ederem.
343 3750 464 3806 Causam
481 3753 587 3820 reddit,
606 3773 660 3826 cur
677 3771 736 3810 non
754 3755 855 3820 oderit,
873 3754 905 3808 h.
925 3771 950 3808 e.
970 3770 1029 3808 non
1048 3755 1182 3809 omiserit
1202 3769 1298 3808 eorum
1313 3764 1380 3802 men·

186 3824 305 3876 tionem.
340 3823 406 3878 Non
424 3823 512 3877 aliter
529 3842 576 3878 me
594 3819 850 3896 delendam-quam
868 3835 902 3880 nt
920 3841 953 3879 ro
977 3843 1033 3891 em,
1058 3825 1218 3882 concedant
1241 3821 1311 3876 mihi
1333 3833 1379 3870 nou

187 3891 281 3948 odisse
299 3901 329 3948 et
345 3893 452 3965 punire
471 3895 589 3949 silentio
605 3898 756 3974 ignaviam
774 3897 905 3951 illorum.
971 3905 1051 3952 eston
1068 3894 1144 3968 apud
1170 3896 1250 3951 ovid.
1269 3893 1328 3946 llet
1345 3889 1379 3946 12

187 3967 249 4022 575.
293 3963 350 4018 Nec
374 3971 468 4018 tomen
493 3967 614 4021 oilerius
637 3985 718 4040 qoam
744 3969 833 4035 fortia
860 3971 938 4035 facta
965 3969 1076 4022 silendo
1103 3966 1232 4023 Ulciscor
1259 3955 1379 4031 fratrer.“

187 4036 211 4091 1.
231 4037 280 4092 Fr.
300 4037 468 4092 Gronovius.
504 4040 698 4102 „verissimez
718 4058 785 4094 nam
802 4042 860 4094 ista
876 4057 935 4094 non
953 4041 1031 4095 foret
1050 4039 1174 4106 defensio
1190 4038 1239 4092 rel
1252 4031 1379 4099 amulio

187 4105 293 4174 Taciti,
312 4126 386 4178 quae
402 4106 453 4161 hic
471 4108 660 4165 desideratur.
696 4111 798 4178 Nullo,
821 4113 929 4182 inquit,
952 4111 1010 4165 alio
1033 4113 1151 4166 nomine
1174 4127 1219 4164 me
1242 4106 1275 4162 ab
1291 4107 1324 4158 iii
1340 4119 1380 4155 ex·

188 4187 323 4232 curatum
335 4178 436 4262 hateri
456 4180 545 4234 velim
562 4182 735 4252 defendique
753 4183 920 4237 institutum
937 4183 1064 4238 aueum.“
1082 4183 1154 4236 Erre.

257 4253 283 4305 1.
303 4250 354 4304 Iro
371 4250 425 4302 eila
443 4251 583 4306 aaronem
606 4254 637 4308 iu
654 4270 701 4307 rer
721 4253 860 4308 Romanoa
876 4253 947 4320 fuitr
972 4253 1045 4308 haec
1064 4253 1207 4308 sententia
1223 4257 1265 4306 est
1281 4267 1297 4303 a
1312 4244 1380 4300 Cice·

187 4327 267 4387 rone,
286 4323 337 4392 qui
355 4321 464 4378 bellum
490 4323 580 4380 civile
604 4325 646 4382 ita
663 4333 796 4391 excusat3
820 4325 890 4380 Era.
923 4323 967 4382 Gi.
987 4320 1023 4378 a'd
1041 4325 1073 4380 0.
1092 4327 1137 4383 lt·
1156 4343 1186 4380 n.
1206 4330 1228 4382 1.
1257 4330 1285 4376 et
1300 4313 1378 4370 Praei.
