2800 4790
160 243 240 314 aaa
429 219 453 330 J
549 241 805 310 «nnuman
823 242 909 310 nn.
930 241 1023 311 xm.

247 413 274 478 2.
297 409 441 466 intellecto
463 404 586 474 incidie,
608 408 747 475 tentione,
773 425 860 482 qnam
883 405 1027 464 invidiam
1054 408 1111 466 eibi
1128 425 1176 466 raa
1202 417 1297 478 eoam
1320 411 1390 468 Era.

178 483 280 540 caat
296 483 332 538 H.
353 487 379 546 1,
396 485 439 540 82.
459 511 493 522 -
510 479 607 536 adium
622 479 758 547 intendit,
775 500 805 537 r.
823 481 860 536 ed
879 485 923 548 12,
932 484 977 548 35,
989 487 1015 538 l.
1036 509 1068 522 -
1080 483 1187 538 aeuum
1204 483 1312 537 crimea
1331 491 1393 540 erat

177 555 264 612 illud.
283 587 317 600 -
335 554 431 609 tatere
448 550 604 608 delendum
623 552 758 607 comebat
779 553 861 607 Acid
887 552 955 626 quoia
978 569 1047 608 max
1073 557 1219 626 repetitur
1241 551 1302 608 boc
1326 574 1392 610 ver·

176 627 254 684 bam·
276 625 322 684 Gi.
341 625 404 682 lnd.
423 624 477 680 111.
495 641 524 676 v.
548 623 640 678 Verba
657 624 752 679 eadem
770 623 893 694 repetita
909 643 939 696 p·
957 626 1019 682 837.
1044 657 1078 670 -
1102 627 1227 680 ermae:
1255 625 1392 680 Heinsius

176 701 255 756 coni.
278 699 426 761 amttam,
441 696 530 761 bene3
549 694 619 750 lira.
656 693 713 750 Sed
729 695 774 750 nil
791 696 969 750 mutandum·
995 727 1029 740 -
1050 697 1207 768 pararique
1228 696 1287 754 MS·
1310 698 1391 752 Flor.

177 771 242 828 edd.
276 768 355 825 Pich·
386 769 442 822 lac·
478 765 570 823 Gran.
600 763 674 819 Ern-
706 785 768 838 aqq.
813 768 919 836 parari
950 765 1030 822 MSS.
1065 768 1164 824 Gneli.
1199 768 1272 824 Bud.
1309 768 1391 824 Harl.

176 842 260 900 noae
279 843 333 898 lea.
352 847 382 896 ot
399 839 461 895 edd.
480 847 539 894 vet.
560 865 593 876 -
610 837 740 908 Pollione
758 839 843 904 lulla,
862 841 900 894 ci·
918 839 954 895 ad
963 843 990 906 3,
1001 843 1045 906 75,
1056 845 1082 897 l.
1101 841 1218 912 Lipsiae
1230 841 1393 912 auspicaba-

175 923 237 981 tur,
256 911 379 970 eundem
397 911 449 965 cub
468 909 579 964 Othone
595 911 688 980 praef.
707 917 800 982 praet.
818 911 921 966 initae.
940 909 1062 970 v.1’lnt.
1082 911 1147 966 Otb.
1166 928 1193 970 c.
1212 915 1257 969 22.
1283 941 1319 952 -
1347 929 1393 966 cu·

176 987 225 1042 iae
241 1001 312 1042 eura
331 980 518 1048 attinebatur,
537 981 619 1034 cuiue
635 981 782 1036 custodiae
799 981 907 1038 mett·
929 990 1000 1038 erat.
1026 982 1070 1037 Gt.
1094 985 1130 1039 ad
1148 989 1175 1050 1,
1192 985 1237 1040 35.
1254 987 1283 1049 l,
1302 986 1332 1040 5.
1351 987 1392 1050 15,

95 1071 100 1082 ’
174 1061 219 1116 57.
252 1087 286 1102 -
303 1055 415 1110 nemim
432 1053 563 1116 boneta,
580 1070 608 1105 v·
627 1053 662 1107 ad
680 1057 723 1117 12,
741 1055 786 1120 di,
804 1056 833 1110 2.
866 1085 900 1098 -
919 1060 952 1108 ut
964 1055 1113 1122 praeirem
1136 1055 1253 1126 quaque
1270 1055 1393 1109 Britan-

175 1129 242 1186 nica
259 1135 315 1184 oet·
341 1127 385 1182 ct.
406 1125 443 1181 ad
459 1129 504 1192 12,
523 1127 568 1189 23,
587 1126 613 1180 2
634 1155 665 1166 -
684 1125 893 1191 educatoribue,
911 1143 940 1180 v.
959 1125 994 1180 ad
1013 1131 1057 1192 ll,
1076 1131 1103 1192 1,
1119 1130 1146 1184 2.
1165 1143 1213 1200 pr.
1239 1159 1272 1172 -
1291 1127 1394 1180 tremi-

175 1201 217 1254 eit
286 1197 344 1254 MS·
363 1196 443 1250 Flar.
470 1215 507 1251 ex
523 1213 579 1249 nan
596 1193 702 1263 Taciti,
729 1196 806 1251 unda
824 1204 974 1268 receptum
998 1197 1147 1254 «walth.
1172 1198 1316 1270 nobisque
1339 1213 1393 1269 pro

175 1291 195 1328 v
249 1314 256 1328 .
276 1268 498 1339 luminaque.
518 1293 552 1306 -
570 1265 724 1334 reape'et'uat
742 1276 772 1322 et
786 1275 909 1336 parant:
933 1269 1023 1322 imma
1048 1268 1205 1339 respiciant
1228 1277 1259 1323 at
1272 1277 1395 1338 parent,-

175 1344 247 1399 Ern.
284 1341 341 1398 Sed
356 1359 385 1426 y.
405 1337 577 1425 liamabarn·
596 1335 693 1392 Gran.
712 1355 741 1410 p·
760 1343 823 1422 ant.
843 1357 869 1398 c.
888 1342 949 1398 oto.
975 1347 1005 1395 et
1022 1339 1086 1398 lud.
1105 1341 1161 1426 Ill.
1185 1359 1215 1394 v.
1237 1341 1395 1427 Verborum

174 1412 653 1612 {fflffliiaib'io'i
672 1411 1395 1555 t2t”tttt”’1.tt.t¹ttttt²tttsitt⁹tt

205 1555 291 1628 ryph.
311 1587 345 1600 -
364 1555 445 1612 ata:
464 1555 497 1608 in
515 1552 558 1609 ed.
578 1551 654 1624 spir.
674 1555 709 1608 de
727 1553 783 1608 ina.
812 1585 846 1598 -
865 1561 1031 1622 argenturc
1060 1556 1093 1608 in
1110 1554 1168 1608 MS.
1187 1554 1257 1632 Agr.
1278 1571 1395 1608 necere·

175 1635 234 1686 tar·
253 1661 285 1672 -
302 1623 725 1692 consultamentumab,
745 1628 781 1680 cf.
801 1625 866 1681 lud.
885 1625 938 1680 111.
958 1645 986 1683 v.
1006 1625 1237 1696 &amcitiam
1253 1643 1303 1680 nr.
1324 1632 1394 1683 1.-

174 1698 303 1770 cagaita‘a
320 1705 406 1754 antea
423 1697 545 1764 aemuia
575 1703 728 1768 postqum
752 1697 814 1751 vim
838 1714 938 1752 eorum
961 1699 1077 1768 experti
1094 1705 1178 1754 eram
1203 1699 1235 1751 in
1252 1695 1351 1754 baeda
1369 1705 1397 1753 et

174 1769 318 1845 porcella,
337 1768 416 1842 quod
433 1770 524 1824 uadit
541 1767 620 1826 Suet
639 1767 710 1828 Ner.
729 1786 754 1824 c.
772 1771 819 1828 33.
839 1799 871 1814 -
889 1767 1030 1840 rapidae,
1048 1788 1079 1825 r.
1097 1771 1133 1825 ad
1151 1773 1195 1837 12,
1213 1773 1260 1836 it,
1278 1770 1307 1824 2.

587 1891 806 1977 'aaran
850 1923 952 1979 xvn

257 2013 334 2080 Moe
355 2013 552 2093 habebatur,
572 2013 767 2094 Principum
787 2013 912 2077 liberos
934 2034 1010 2078 cum
1031 2015 1151 2082 ceteris
1171 2013 1259 2078 idem
1275 2019 1398 2080 aetatis

175 2097 344 2164 nobilibus
374 2096 524 2160 sedentes
552 2094 643 2158 vesci
673 2097 710 2156 in
739 2103 874 2179 aspectu
901 2100 1171 2181 propinquorum
1191 2101 1339 2182 propria
1363 2121 1385 2163 e

175 2184 330 2266 parciora
344 2199 473 2243 ‘mensa
515 2177 593 2240 Illic
614 2177 769 2261 epulante
789 2179 995 2260 Britannico,
1018 2183 1094 2265 quie
1114 2183 1209 2247 cibun
1230 2191 1399 2266 potusque

174 2267 248 2329 eine
274 2261 424 2326 delectae
452 2281 493 2324 ex
518 2261 667 2323 ministri
697 2269 799 2348 gustu
825 2262 1071 2345 explorabatur,
1103 2285 1147 2329 na
1177 2267 1372 2329 omitteret·

173 2349 367 2410 institutum
392 2352 452 2408 aut
478 2345 653 2428 utriusque
677 2355 787 2408 morte
817 2343 1020 2428 proderetur
1047 2349 1165 2426 scelus,
1197 2349 1275 2411 telis
1297 2348 1394 2413 dola

173 2423 329 2513 repat-tui
351 2437 411 2492 est.
453 2428 593 2490 lunoxia
614 2426 722 2489 adhuc
742 2446 780 2490 ao
800 2427 989 2512 praecalida
1011 2437 1045 2493 et
1065 2429 1167 2497 libata
1181 2439 1284 2517 gustu
1301 2437 1393 2516 pati

173 2514 326 2577 traditur
345 2511 561 2574 Britannicae
591 2508 680 2591 dein,
708 2520 881 2595 postquam
902 2514 1037 2576 fervore
1050 2514 1316 2597 aspernabatur,
1341 2519 1399 2579 fri«

173 2597 253 2685 gida
274 2598 310 2660 in
331 2615 422 2677 aqua-
436 2592 622 2658 affnnditur
642 2613 819 2673 uenenum,
851 2594 940 2678 quad
967 2597 1015 2659 ita
1047 2607 1184 2662 cunctos
1205 2599 1279 2662 eins
1302 2607 1396 2662 art·

174 2681 335 2765 pervasit,
367 2687 407 2740 ut
431 2695 498 2740 vox
523 2680 654 2760 pariter
674 2685 709 2740 et
728 2679 868 2761 spiritua
890 2687 1101 2760 raperentur.
1144 2679 1364 2763 Trepidatur
1390 2716 1394 2733 2

86 2789 90 2798 ·
175 2759 515 2840 circumsedentibus,
548 2759 729 2844 diffugiunt
763 2761 1001 2844 imprudentes.
1053 2761 1100 2825 At
1134 2764 1254 2847 quibua
1292 2767 1398 2828 altior

174 2849 377 2924 intellectus,
398 2845 560 2912 reeiatunt
580 2840 678 2905 delixi
700 2850 735 2904 et
755 2841 927 2906 Neronem
947 2847 1125 2909 intuentes.
1168 2846 1235 2920 Ille,
1259 2855 1303 2910 ut
1329 2869 1389 2912 era

175 2932 311 2996 reclinis
338 2935 373 2992 ct
403 2928 515 3007 nescio
538 2926 668 3003 similia,
702 2924 831 2989 solitam
858 2927 917 2999 ita,
948 2929 1008 3007 ait,
1027 2948 1087 3009 per
1108 2929 1295 2994 concilialem
1320 2953 1397 2994 mor·

175 3013 257 3094 bunt,
278 3031 341 3100 qao
360 3013 492 3092 primam
513 3005 554 3072 ab
574 3007 720 3088 infantia
741 3007 969 3089 afflictaretur
989 3009 1218 3093 Britannica,
1251 3023 1283 3075 et
1320 3017 1397 3080 redi*

177 3108 268 3162 turae
297 3095 455 3178 paulatim
485 3093 572 3158 visae
603 3111 784 3176 aeneaeque.
838 3092 885 3155 At
910 3093 1115 3180 Agrippinae
1146 3099 1175 3160 ia
1205 3115 1333 3179 pavor,
1368 3115 1397 3163 et

176 3180 403 3244 consternatio
435 3179 573 3254 mantia,
605 3177 757 3260 quamvis
787 3175 886 3239 vultu
918 3188 1141 3260 premeretur,
1175 3181 1334 3260 emicuit,
1367 3195 1396 3246 nt

176 3261 317 3349 perinde
337 3263 489 3362 ignaram
510 3261 613 3322 luisse
633 3277 672 3321 ac
693 3257 864 3322 Octaviam
885 3279 1036 3324 sororem
1059 3261 1247 3325 Britannici
1270 3270 1396 3327 consti.

177 3348 275 3412 terite
307 3361 429 3429 quippe
460 3342 526 3404 eibi
556 3361 748 3424 supremum
780 3343 940 3405 auxilium
972 3354 1125 3427 ereptum
1156 3353 1191 3409 et
1215 3349 1396 3428 parricidi

177 3429 364 3511 exemplum
384 3424 602 3509 intelligebat.
646 3422 786 3487 Octavia
800 3445 942 3570 quoppe,
964 3429 1114 3510 quamvis
1130 3427 1271 3492 rudibus
1290 3435 1395 3498 annia

177 3511 338 3589 dolorem,
360 3509 546 3587 caritatem,
568 3507 676 3570 omnia
697 3509 833 3570 effectus
854 3527 874 3569 e
896 3509 1058 3574 scandere
1079 3509 1253 3576 didicerat.
1394 3577 1395 3604 ,

249 3618 273 3671 1.
291 3611 360 3668 Moe
377 3606 540 3674 dolebatur,
567 3613 639 3672 erat,
666 3603 792 3672 (clud.
812 3607 864 3676 ll.)
890 3607 1055 3682 Principum
1079 3612 1183 3668 liberor
1207 3629 1270 3666 aum
1297 3611 1395 3670 ceteri

177 3684 259 3740 taem
271 3680 374 3738 aetalia
392 3678 534 3735 nadile‘bua
552 3677 690 3744 cedentes,
708 3694 767 3732 non
785 3677 996 3749 accumbentes,
1014 3683 1090 3736 oeeai
1107 3717 1141 3728 -
1159 3701 1269 3738 menam
1293 3689 1394 3754 „Puer

179 3765 210 3811 et
228 3756 307 3811 aerei
324 3749 461 3812 sedabant
477 3750 513 3806 ad
538 3749 635 3804 fulcra
652 3757 807 3820 parentum
825 3767 859 3804 ac
877 3751 1075 3808 dominorum:
1103 3756 1300 3827 spernebatur
1326 3761 1394 3826 enin

178 3827 330 3882 accubitus
346 3839 448 3880 earnm
466 3821 549 3894 musi
566 3820 700 3876 luxuriae
719 3821 794 3882 ritus
813 3821 862 3874 illi
879 3825 967 3878 aetati
986 3825 1121 3883 ardinive
1139 3845 1199 3882 nan
1216 3827 1361 3896 decorus.
1384 3849 1394 3896 ι

179 3897 259 3956 Suet.
278 3897 340 3954 Oct.
359 3913 384 3949 c.
403 3895 447 3951 dl.
468 3901 498 3948 et
522 3891 621 3948 Claud.
641 3909 667 3944 c.
686 3894 730 3949 32.
750 3889 818 3947 Sen.
846 3892 882 3948 de
900 3901 996 3966 tranq.
1016 3899 1043 3962 2,
1063 3900 1106 3955 15.
1134 3899 1228 3953 Plaut-
1252 3897 1393 3964 Stielat

178 3973 207 4037 2
225 3973 268 4029 32
286 3972 315 4034 5,
332 3971 361 4032 i,
379 3967 423 4024 21.
442 3963 498 4019 Dio
516 3967 561 4032 59,
579 3965 623 4020 29.
643 3962 718 4020 Plut.
737 3963 769 4017 in
787 3980 870 4018 conr.
890 3983 914 4022 c.
934 3967 997 4024 1⁰5⁴
1023 3965 1103 4038 Ltpa.
1128 3969 1174 4027 Gi.
1193 3969 1326 4026 Arietat.
1359 3989 1393 4046 pa

180 4041 227 4096 lit.
247 4043 275 4108 7,
293 4043 320 4098 5.
339 4044 368 4094 et
387 4037 481 4107 intpp.
501 4033 581 4092 Suet
600 4033 659 4090 Tit.
679 4052 706 4089 c·
725 4037 752 4092 2.
788 4035 920 4090 Feminae
938 4055 1042 4110 meque
1059 4058 1121 4094 cum
1137 4039 1213 4096 viria
1231 4042 1393 4176 mantio]

179 4115 308 4170 ardenter
326 4107 506 4166 coenitabant
523 4108 621 4163 valer.
640 4109 714 4162 Max.
733 4109 760 4174 2,
780 4111 807 4172 1,
825 4108 852 4164 2.
871 4107 995 4166 eructem
1012 4113 1118 4168 aetatis
1135 4109 1193 4168 MS.
1215 4111 1323 4172 Guelf.
1354 4117 1379 4174 S

180 4187 221 4241 ci.
241 4185 305 4242 lnd.
323 4181 380 4237 111.
398 4198 427 4236 r.
447 4177 576 4232 Genitioi
593 4176 744 4249 qualitatis
761 4185 816 4234 cet.
836 4195 864 4249 p.
884 4182 947 4238 819.
966 4183 1028 4240 839.
1054 4192 1083 4239 et
1099 4181 1273 4240 Rameharn.
1297 4186 1355 4242 Gr
1391 4199 1392 4202 ’

179 4275 210 4328 p,
229 4259 292 4316 236,
313 4251 434 4382 -ffiia
452 4249 529 4306 albae
542 4256 681 4376 patuepue
699 4249 760 4304 aaa
778 4249 901 4334 delectae
918 4269 954 4306 ee
970 4253 1100 4310 ministri
1123 4262 1211 4326 gutta
1230 4205 1392 4406 ceptae-ai

180 4337 244 4386 tare
269 4327 311 4383 ita
400 4365 407 4382 .
432 4339 586 4393 omneque
610 4339 625 4377 e
645 4317 673 4379 d.
692 4325 751 4378 vet.
779 4322 837 4376 nui
861 4323 938 4393 quod
959 4324 1105 4398 atatam
1131 4335 1176 4382 eat
1199 4327 1233 4382 in
1251 4325 1300 4384 ed.
1325 4330 1352 4389 S
1389 4401 1390 4406 η
