2854 4788
203 205 347 273 ctum*
367 203 477 272 LXII.
499 203 632 282 LXIII,
657 204 844 285 <A.U.818.
866 203 1036 324 Δ..Ο.65.)
1099 225 1118 281 ·,
1171 209 1233 278 tlt

25 374 106 434 Bella.
116 373 223 432 Kietsl.
233 371 432 432 Walttltitt.
457 373 502 429 Ita
518 379 585 428 ante
596 373 728 428 bonarum
740 391 774 428 eu
814 371 896 429 letur
909 389 968 428 outa
978 371 1026 428 vel
1043 377 1120 443 tum,
1139 372 1187 440 (ν’.
1200 375 1236 430 ad

25 453 47 514 l,
63 452 105 515 tt,
123 450 149 504 2.
168 455 199 501 et
217 445 390 504 Ramshorn.
411 446 513 500 Gram.
532 464 563 516 p.
582 446 658 510 689.)
676 446 725 500 sed
742 391 882 500 editum
897 451 957 499 tum
981 445 1092 499 dictum
1116 446 1237 516 putabat

24 537 71 590 pro
85 524 245 588 praeterea,
263 517 389 586 insuper,
408 526 442 570 ut
459 517 563 571 multis
581 515 664 584 locis,
683 517 787 588 quibus
810 517 852 573 itu
870 518 1059 570 continuetur
1076 519 1180 584 oratio,
1205 536 1234 575 r.

26 608 46 647 c.
62 591 97 642 ll.
117 595 143 655 l,
161 591 207 646 46.
226 589 306 646 Suet.
332 588 388 646 lul.
415 607 440 644 e.
459 591 506 646 ut.
536 588 581 644 Gt.
601 586 637 642 ad
660 591 688 656 2,
707 591 734 652 9,
751 590 779 643 2·
816 594 875 641 lum
893 587 1045 641 constantie
1068 604 1104 642 ex
1123 589 1234 654 emend,

25 663 89 714 llur.
109 669 140 716 et
156 662 238 716 Acid.
263 661 321 714 iam
343 677 367 714 e.
385 661 443 714 MS.
467 659 539 714 Bnd.
564 665 622 712 tam
640 675 662 712 c.
687 655 766 712 MSS.
791 667 849 714 oet.
869 667 899 713 et
916 659 980 712 edd.
999 666 1058 716 vet.
1077 661 1109 712 in
1127 661 1233 732 quibus

25 732 97 786 nulla
113 733 272 788 verborum
290 733 441 787 distinctio
460 739 514 787 est.
550 732 631 785 cuias
647 731 675 784 ai
691 747 827 784 memores
849 737 942 785 esseut
969 731 1099 784 mamm
1118 733 1236 800 ortium,

25 807 285 870 lautumiarum.
306 803 325 860 l.
345 802 406 858 edd.
425 803 505 876 lips.
526 819 590 874 sqq.
610 803 646 857 ad
664 803 759 858 Oberl.
794 802 886 856 Verba
911 803 1044 856 bonarum
1061 803 1169 856 artium
1186 805 1236 858 de-

25 874 99 930 lenda
116 875 271 930 censebant
287 876 415 931 Faernus
435 884 465 930 et
482 875 545 947 Bip.
564 875 697 929 bonarum
715 890 776 928 cum
794 873 897 928 artium
914 877 1029 940 famam,
1048 880 1106 927 tum
1122 889 1147 928 e.
1166 891 1193 930 a.
1213 875 1234 929 l.

25 963 91 1000 corr.
111 948 212 1003 Heins.
249 947 315 1018 lpse
336 948 411 1002 olim
437 949 550 1002 conieci
573 948 670 1001 butam
695 963 757 1002 eum
780 946 889 1000 artium
905 947 1021 1013 famam,
1048 952 1109 999 tum
1124 962 1148 1000 c.
1167 962 1193 1005 a.
1214 948 1235 1006 l.

25 1019 93 1088 quod
109 1019 223 1090 recepit
243 1021 318 1076 Len.

85 1129 111 1182 2.
131 1125 268 1180 lacrimas
285 1143 380 1188 samm
393 1158 425 1170 -
443 1126 483 1182 ad
499 1125 703 1195 firmitudinem
720 1133 833 1182 reuocat
850 1141 905 1197 pro
924 1123 1103 1180 herimanus
1118 1125 1157 1179 ad
1174 1126 1195 1192 f.
1208 1143 1235 1180 r.

25 1196 63 1250 ct
80 1197 115 1250 ed
131 1202 160 1266 2,
181 1201 225 1264 13,
243 1201 268 1254 2.
300 1207 330 1254 et
353 1201 396 1266 12,
415 1201 459 1262 to,
478 1203 503 1256 l.
542 1199 674 1252 lacrimas
696 1197 755 1252 MS.
781 1199 862 1252 Flor.
887 1202 973 1265 (teste
997 1197 1089 1265 vict.)
1113 1205 1148 1250 ut
1172 1199 1236 1252 fere

25 1269 120 1324 ubivis.
158 1267 207 1323 sic
226 1277 255 1324 et
272 1273 298 1334 1,
317 1271 342 1326 ὅ.
371 1271 415 1326 ed.
435 1269 500 1324 Ber.
527 1270 563 1324 ad
587 1289 674 1344 quam
698 1270 782 1324 siluit
806 1271 883 1326 Vict.
915 1266 1067 1322 lachrimas
1089 1266 1132 1326 ed.
1157 1267 1235 1340 Spir.

24 1342 167 1410 lacrymas,
199 1339 358 1411 taclrymm
391 1350 421 1396 et
450 1343 592 1395 lacrumo
616 1338 795 1426 ‘plerumque
820 1340 883 1395 edd.
914 1348 972 1395 vet.
1013 1339 1058 1394 Cf.
1089 1338 1125 1394 ad
1155 1347 1179 1409 l,
1208 1344 1237 1404 1,

25 1414 97 1468 2-
139 1413 222 1486 modo
249 1428 386 1479 sermone,
413 1415 496 1467 modo
522 1414 667 1482 intentam,
698 1421 733 1466 ut
758 1415 829 1490 Agr.
860 1412 904 1468 25.
956 1410 1000 1464 Ad
1031 1427 1157 1465 emmone
1192 1411 1238 1464 in-

25 1483 212 1559 telligendum
229 1483 348 1539 videtur
366 1484 516 1558 epitheton
533 1485 591 1539 leni
610 1487 672 1539 sive
689 1484 779 1550 molli,
799 1485 860 1538 sive
878 1481 958 1536 aliud
975 1479 1130 1549 ¹eiusmodi,
1152 1483 1237 1536 euius

24 1561 114 1607 umen
137 1556 256 1610 omissio
281 1555 438 1627 displicere
464 1564 570 1627 potest.
592 1589 624 1600 -
655 1557 694 1609 ad
716 1572 775 1608 non
794 1556 886 1610 estin
905 1552 962 1607 MS.
983 1553 1083 1611 Guelf.
1104 1585 1135 1595 -
1171 1560 1237 1622 poet

25 1633 132 1678 matrem
156 1629 326 1696 fratremque
353 1628 523 1694 intersertos,
551 1629 590 1681 ef.
610 1626 673 1682 lnd.
693 1627 749 1680 111.
775 1645 803 1682 v.
822 1625 981 1692 Partiaipa'a
997 1625 1071 1693 perf.
1088 1641 1167 1693 pase.
1183 1641 1239 1694 pro

26 1697 197 1752 substantivis
215 1699 377 1752 abstractis.
414 1699 469 1752 l'ro
488 1705 555 1769 poet
574 1699 605 1751 in
623 1698 680 1752 MS.
698 1698 779 1751 Flor.
799 1695 880 1762 (test.
893 1697 968 1748 Viet.
988 1704 1018 1749 et
1034 1695 1138 1762 Furia)
1157 1703 1186 1750 et
1205 1696 1237 1748 in

26 1769 56 1820 ed
72 1768 146 1840 Spir.
169 1787 186 1846 q
206 1768 236 1821 b.
256 1787 280 1823 e.
299 1786 388 1852 pamm
425 1769 459 1822 ln
480 1770 577 1824 eadem
598 1769 665 1824 edit.
683 1768 857 1842 paulopost
881 1769 1019 1824 omissum
1042 1772 1080 1822 ul.
1099 1798 1133 1808 -
1166 1767 1238 1820 aaa·

25 1843 118 1896 cumis
133 1846 390 1912 praeceptor-taque,
407 1859 436 1897 v.
454 1841 491 1896 ad
510 1847 553 1909 ll,
572 1845 599 1906 l,
619 1845 644 1897 l·

436 1981 630 2040 CAPUT
682 1981 821 2037 uxut.

95 2091 164 2155 Ubi
192 2091 274 2156 haee
302 2103 400 2177 atque
428 2093 508 2154 talia
535 2093 571 2153 in
600 2109 775 2154 commune
803 2089 974 2170 disseruit,
1005 2091 1239 2174 complectitur

24 2195 159 2240 uxorem
181 2184 216 2240 et
235 2177 408 2260 paululum
430 2175 590 2240 adversus
611 2183 821 2258 praesentem
842 2172 1078 2240 fortitudinem
1089 2175 1238 2238 mollitus

24 2268 114 2348 rogat
135 2267 288 2344 oretque,
310 2267 515 2344 temperaret
535 2257 684 2320 dolorem
705 2267 880 2320 aeternum
902 2260 1085 2342 suscipere,
1113 2256 1239 2324 sedin

24 2343 295 2425 contemplatione
315 2345 404 2406 vitae
426 2361 487 2424 per
507 2343 670 2406 virtatem
692 2349 786 2404 actae
807 2339 1013 2404 desiderium
1039 2343 1154 2406 mariti
1182 2361 1240 2404 so-
1314 2327 1321 2352 '

24 2425 103 2488 latiis
135 2426 286 2490 honestis
318 2427 488 2489 toleraret.
541 2425 602 2490 Illa
629 2423 760 2486 contra'
781 2423 845 2486 sibi
879 2443 1012 2507 quoque
1040 2422 1239 2489 destinatam
1301 2505 1303 2508 Ι

24 2519 160 2574 mamm
193 2521 363 2572 asseverat
389 2527 588 2590 manumque
618 2508 827 2590 percussoris
854 2509 1012 2588 exposcit.
1039 2507 1150 2570 'Tum
1179 2505 1239 2570 Se·

25 2611 97 2654 neae
116 2592 249 2679 gloriae
271 2594 342 2654 eius
364 2612 430 2655 non
452 2589 626 2670 adversus,
649 2591 746 2650 simul
768 2609 894 2668 amore,
917 2609 959 2651 ne
980 2590 1045 2652 sibi
1066 2591 1166 2652 unice
1186 2589 1239 2652 di-

24 2675 133 2738 leetem
155 2673 200 2737 ad
219 2677 362 2738 iniurias
385 2676 606 2758 relinqueret:
639 2675 738 2752 uitae,
769 2675 804 2734 in
828 2675 890 2752 uit,
920 2669 1127 2738 delenimenta
1153 2691 1239 2736 mou-

25 2767 193 2822 straoeram
215 2757 294 2823 tibi:
327 2768 363 2822 tu
389 2761 501 2822 mortis
530 2757 626 2822 decus
653 2759 763 2820 maula.
839 2775 881 2820 oe
909 2756 1058 2823 invidebo
1085 2755 1235 2838 exemplo.

24 2839 74 2904 su
97 2843 194 2908 buirus
215 2852 278 2906 tam
298 2841 402 2923 fortis
422 2845 530 2906 exitus
552 2841 736 2904 constantia
755 2857 851 2920 penes
871 2849 1025 2924 utrosque
1043 2861 1117 2920 par,
1141 2841 1239 2905 clari·

26 2925 139 2990 tudinis
158 2925 235 3008 plus
255 2927 292 2989 ia
322 2936 377 2990 tuo
403 2926 476 3011 fine.
520 2925 601 2988 Post
628 2943 711 3007 quae
740 2920 856 2986 eodem
882 2921 953 2990 ictu
981 2923 1118 2991 braohie
1145 2927 1239 2990 ferro

26 3011 206 3072 exsolvunt.
247 3009 383 3086 Seneca,
406 3009 561 3090 quoniam
583 3007 689 3070 senile
719 3025 841 3088 eorpus
870 3013 905 3068 et
932 3025 1035 3090 pareo
1064 3009 1159 3068 victu
1187 3017 1239 3070 te-

26 3100 156 3154 nuatum
190 3094 281 3154 lenta
316 3095 440 3180 effugis
473 3091 627 3180 sanguini
654 3089 846 3172 praebebat,
877 3107 1016 3151 crurum
1044 3109 1176 3172 qnoque
1205 3098 1239 3151 et

25 3172 184 3253 poplitum
205 3195 307 3240 venes
329 3175 511 3257 abrumpit,
533 3175 704 3252 saevisque
725 3173 929 3237 cruciatibus
951 3171 1106 3253 defessus,
1128 3171 1239 3235 nedo-

26 3253 92 3316 lore
123 3274 187 3318 suo
222 3259 370 3320 animum
403 3261 520 3322 uxoria
548 3259 750 3344 infringeret
776 3263 876 3338 etque
902 3256 976 3338 ipse
1001 3254 1138 3320 visendo
1167 3257 1239 3325 eine

26 3343 188 3402 tormenta
208 3335 250 3398 ad
271 3339 514 3422 impatientiam
535 3340 759 3416 delaberetur,
788 3335 906 3400 suadet
926 3340 962 3404 in
983 3337 1075 3402 aliud
1104 3337 1240 3401 cubicu-

25 3419 88 3481 lum
116 3419 305 3484 absoedere.
355 3423 398 3484 Et
432 3426 614 3488 novissimo
644 3441 775 3504 quoqne
802 3430 972 3484 momento
1005 3421 1240 3505 suppeditante

25 3503 221 3588 eloquentia,
253 3502 424 3567 advocetis
456 3507 680 3589 scriptoribus
712 3505 875 3588 pleraque
880 3503 1057 3586 'tradidit
1085 3523 1173 3589 quae
1203 3507 1239 3566 in

24 3587 140 3674 vulgus
164 3585 256 3648 edita
277 3589 349 3649 eius
371 3587 486 3652 verbis
506 3591 679 3654 invertere
700 3586 912 3671 supersedeo.

88 3726 114 3778 l.
134 3719 180 3777 Aa
196 3715 253 3777 boe
272 3724 493 3796 etproximum
512 3732 600 3796 eaput
617 3726 657 3782 ei.
675 3722 786 3795 xiphil.
806 3725 851 3790 tt,
869 3724 913 3780 te.
934 3725 985 3798 qai
1003 3739 1064 3782 non
1081 3725 1169 3798 plana
1193 3743 1240 3782 ea·

26 3793 84 3846 dem
103 3793 207 3848 tradit.
227 3827 260 3838 -
297 3795 369 3850 talia
385 3795 416 3848 in
432 3811 562 3850 manuae
582 3796 723 3860 diremit,
742 3798 781 3850 ef.
801 3795 838 3848 ad
856 3795 900 3860 lb,
919 3798 1005 3862 122
1022 3805 1051 3852 et
1068 3795 1132 3850 lnd.
1152 3797 1191 3854 11.
1209 3817 1237 3854 v.

27 3863 171 3918 mamis
189 3873 218 3920 et
235 3865 276 3917 la.
312 3866 341 3918 ia
359 3865 584 3924 manuacense.
666 3864 760 3924 .Bud.
787 3865 849 3922 edd.
868 3865 934 3920 Ber.
978 3868 1014 3922 ad
1037 3885 1123 3938 φιιω
1148 3869 1240 3922 tacuit

27 3935 106 4004 tiu.)
125 3937 200 3993 Era.
220 3936 298 3992 Brut.
319 3955 380 4010 sqq.
399 3938 603 3994 asteriscum.
630 3939 693 3996 ed.
718 3937 794 4008 Spir.
825 3938 888 3994 Pur.
908 3943 933 3994 l.
953 3940 980 3994 2.
1007 3938 1101 3994 Rben.
1121 3944 1146 3994 1.
1166 3943 1193 3997 2.
1210 3943 1237 3996 3.

27 4023 80 4076 sqq.
100 4008 136 4062 ad
155 4007 228 4062 Era.
254 4009 328 4062 ultro
352 4013 383 4064 ἐκ
406 4026 469 4064 σωκ.
496 4010 574 4068 MSS.
594 4010 677 4064 Harl.
698 4008 797 4066 Guelt.
823 4011 899 4063 ultra
915 4011 946 4062 ἐκ
963 4025 1027 4063 eon.
1053 4009 1113 4066 MS.
1133 4011 1184 4065 les.
1204 4041 1236 4054 -

27 4085 51 4128 et
63 4081 203 4146 paululum
227 4077 284 4133 MS.
303 4079 384 4134 Flor.
403 4085 491 4144 (teste
509 4081 598 4148 Viet.)
617 4081 681 4136 edd.
702 4079 779 4154 Spir.
798 4079 893 4135 Rhen.
912 4083 938 4137 2
958 4083 985 4136 ³·
1011 4099 1073 4154 sqq.
1099 4087 1125 4136 et
1149 4081 1239 4136 omis-

27 4166 85 4204 sum
103 4153 138 4204 in
156 4152 218 4207 edd.
238 4150 300 4206 Put.
320 4157 345 4208 1.
363 4156 388 4210 2.
408 4155 473 4210 Ber.
493 4153 589 4210 Rhea.
608 4158 634 4210 l.
653 4154 838 4222 paululumque
854 4151 920 4206 tus.
947 4152 1045 4208 Gustl.
1071 4181 1105 4191 -
1141 4153 1239 4206 adner-

25 4224 454 4342 ν
471 4225 895 4366 .<
1063 4224 1152 4349 te>

91 4333 98 4346 ι
184 4333 190 4348 ι
306 4333 312 4346 ι
445 4335 452 4348 .
506 4318 515 4349 l
546 4337 551 4350 .
630 4333 637 4352 2
696 4331 702 4348 ι
1134 4332 1140 4345 ι
1232 4337 1237 4348 ι
