<?xml version="1.0" encoding="UTF-8"?>
<!DOCTYPE html PUBLIC "-//W3C//DTD XHTML 1.0 Transitional//EN"
    "http://www.w3.org/TR/xhtml1/DTD/xhtml1-transitional.dtd">
<html xmlns="http://www.w3.org/1999/xhtml" xml:lang="en" lang="en">
 <head>
  <title>
</title>
<meta http-equiv="Content-Type" content="text/html;charset=utf-8" />
  <meta name='ocr-system' content='tesseract 3.04.00' />
  <meta name='ocr-capabilities' content='ocr_page ocr_carea ocr_par ocr_line ocrx_word'/>
</head>
<body>
  <div class='ocr_page' id='page_1' title='image "./ccorneliitaciti26tacigoog_0470.png"; bbox 0 0 2854 4788; ppageno 0'>
   <div class='ocr_carea' id='block_1_1' title="bbox 164 185 1259 318">
    <p class='ocr_par' dir='ltr' id='par_1_1' title="bbox 164 185 1259 318">
     <span class='ocr_line' id='line_1_1' title="bbox 164 185 1259 318; baseline -0.007 -8"><span class='ocrx_word' id='word_1_1' title='bbox 164 240 309 310; x_wconf 72' lang='lat' dir='ltr'><strong>emur</strong></span> <span class='ocrx_word' id='word_1_2' title='bbox 328 185 470 304; x_wconf 75' lang='lat' dir='ltr'><strong>nxxu.</strong></span> <span class='ocrx_word' id='word_1_3' title='bbox 494 237 651 304; x_wconf 78' lang='lat' dir='ltr'><strong>monn.</strong></span> <span class='ocrx_word' id='word_1_4' title='bbox 695 237 748 318; x_wconf 81' lang='lat' dir='ltr'><strong>(s.</strong></span> <span class='ocrx_word' id='word_1_5' title='bbox 770 235 809 302; x_wconf 90' lang='lat' dir='ltr'><strong>o.</strong></span> <span class='ocrx_word' id='word_1_6' title='bbox 831 237 904 307; x_wconf 81' lang='lat'><strong>818.</strong></span> <span class='ocrx_word' id='word_1_7' title='bbox 948 234 987 302; x_wconf 82' lang='lat' dir='ltr'><strong>s.</strong></span> <span class='ocrx_word' id='word_1_8' title='bbox 1007 231 1044 300; x_wconf 88' lang='lat' dir='ltr'><strong>c.</strong></span> <span class='ocrx_word' id='word_1_9' title='bbox 1066 233 1134 315; x_wconf 84' lang='lat' dir='ltr'><strong>os.)</strong></span> <span class='ocrx_word' id='word_1_10' title='bbox 1195 234 1259 302; x_wconf 79' lang='lat' dir='ltr'><strong>nu</strong></span> 
     </span>
    </p>
   </div>
   <div class='ocr_carea' id='block_1_2' title="bbox 38 399 1290 2405">
    <p class='ocr_par' dir='ltr' id='par_1_2' title="bbox 38 399 1290 2405">
     <span class='ocr_line' id='line_1_2' title="bbox 107 399 1257 494; baseline -0.008 -26"><span class='ocrx_word' id='word_1_11' title='bbox 107 413 138 468; x_wconf 87' lang='grc'><strong>2.</strong></span> <span class='ocrx_word' id='word_1_12' title='bbox 157 415 240 494; x_wconf 65' lang='lat' dir='ltr'><strong>gesta</strong></span> <span class='ocrx_word' id='word_1_13' title='bbox 257 409 345 463; x_wconf 82' lang='lat' dir='ltr'><strong>bello:</strong></span> <span class='ocrx_word' id='word_1_14' title='bbox 365 409 398 462; x_wconf 89' lang='lat' dir='ltr'><strong>in</strong></span> <span class='ocrx_word' id='word_1_15' title='bbox 415 407 557 480; x_wconf 61' lang='lat' dir='ltr'><strong>adspira</strong></span> <span class='ocrx_word' id='word_1_16' title='bbox 575 407 646 462; x_wconf 85' lang='lat' dir='ltr'><strong>bello</strong></span> <span class='ocrx_word' id='word_1_17' title='bbox 663 411 754 475; x_wconf 70' lang='lat' dir='ltr'><strong>gesto.</strong></span> <span class='ocrx_word' id='word_1_18' title='bbox 773 437 807 450; x_wconf 91' lang='lat'>-</span> <span class='ocrx_word' id='word_1_19' title='bbox 826 399 997 473; x_wconf 68' lang='lat' dir='ltr'><strong>triumphale</strong></span> <span class='ocrx_word' id='word_1_20' title='bbox 1014 402 1107 466; x_wconf 77' lang='lat' dir='ltr'><strong>deon,</strong></span> <span class='ocrx_word' id='word_1_21' title='bbox 1126 399 1257 486; x_wconf 81' lang='lat' dir='ltr'><strong>utpaule</strong></span> 
     </span>
     <span class='ocr_line' id='line_1_3' title="bbox 39 473 1258 554; baseline -0.006 -18"><span class='ocrx_word' id='word_1_22' title='bbox 39 491 104 554; x_wconf 87' lang='lat' dir='ltr'><strong>post</strong></span> <span class='ocrx_word' id='word_1_23' title='bbox 125 479 311 549; x_wconf 75' lang='lat' dir='ltr'><strong>trtuonpltoles</strong></span> <span class='ocrx_word' id='word_1_24' title='bbox 328 479 480 548; x_wconf 75' lang='lat' dir='ltr'><strong>imagines,</strong></span> <span class='ocrx_word' id='word_1_25' title='bbox 500 487 617 533; x_wconf 86' lang='lat' dir='ltr'><strong>statuas.</strong></span> <span class='ocrx_word' id='word_1_26' title='bbox 635 496 664 532; x_wconf 84' lang='lat' dir='ltr'><strong>v.</strong></span> <span class='ocrx_word' id='word_1_27' title='bbox 684 477 719 534; x_wconf 81' lang='lat' dir='ltr'><strong>ad</strong></span> <span class='ocrx_word' id='word_1_28' title='bbox 736 480 764 543; x_wconf 97' lang='grc'><strong>4,</strong></span> <span class='ocrx_word' id='word_1_29' title='bbox 782 477 828 544; x_wconf 86' lang='grc'><strong>23,</strong></span> <span class='ocrx_word' id='word_1_30' title='bbox 848 481 873 532; x_wconf 88' lang='grc'><strong>1.</strong></span> <span class='ocrx_word' id='word_1_31' title='bbox 893 503 927 514; x_wconf 95' lang='grc'>-</span> <span class='ocrx_word' id='word_1_32' title='bbox 942 473 1076 528; x_wconf 84' lang='lat' dir='ltr'><strong>Petronio</strong></span> <span class='ocrx_word' id='word_1_33' title='bbox 1089 474 1258 542; x_wconf 77' lang='lat' dir='ltr'><strong>Tuopaliano</strong></span> 
     </span>
     <span class='ocr_line' id='line_1_4' title="bbox 39 544 1260 619; baseline -0.007 -13"><span class='ocrx_word' id='word_1_34' title='bbox 39 553 197 619; x_wconf 74' lang='lat' dir='ltr'><strong>oonmlan&#39;,</strong></span> <span class='ocrx_word' id='word_1_35' title='bbox 214 570 243 609; x_wconf 82' lang='lat' dir='ltr'><strong>v.</strong></span> <span class='ocrx_word' id='word_1_36' title='bbox 263 552 299 606; x_wconf 82' lang='lat' dir='ltr'><strong>ad</strong></span> <span class='ocrx_word' id='word_1_37' title='bbox 316 556 362 617; x_wconf 80' lang='lat'><strong>14,</strong></span> <span class='ocrx_word' id='word_1_38' title='bbox 380 554 425 617; x_wconf 86' lang='grc'><strong>29,</strong></span> <span class='ocrx_word' id='word_1_39' title='bbox 446 555 472 606; x_wconf 93' lang='lat' dir='ltr'><strong>l.</strong></span> <span class='ocrx_word' id='word_1_40' title='bbox 503 549 672 618; x_wconf 81' lang='lat' dir='ltr'><strong>Turpiliano</strong></span> <span class='ocrx_word' id='word_1_41' title='bbox 690 548 754 603; x_wconf 92' lang='lat' dir='ltr'><strong>edd.</strong></span> <span class='ocrx_word' id='word_1_42' title='bbox 774 548 852 619; x_wconf 80' lang='lat' dir='ltr'><strong>Lips.</strong></span> <span class='ocrx_word' id='word_1_43' title='bbox 867 563 932 617; x_wconf 73' lang='lat' dir='ltr'><strong>sqq.</strong></span> <span class='ocrx_word' id='word_1_44' title='bbox 966 545 1111 614; x_wconf 73' lang='lat' dir='ltr'><strong>Turpiono</strong></span> <span class='ocrx_word' id='word_1_45' title='bbox 1129 544 1208 600; x_wconf 86' lang='lat' dir='ltr'><strong>MSS.</strong></span> <span class='ocrx_word' id='word_1_46' title='bbox 1228 553 1260 602; x_wconf 88' lang='lat' dir='ltr'><strong>et</strong></span> 
     </span>
     <span class='ocr_line' id='line_1_5' title="bbox 40 614 1259 691; baseline -0.005 -13"><span class='ocrx_word' id='word_1_47' title='bbox 40 626 99 680; x_wconf 82' lang='lat' dir='ltr'><strong>edd.</strong></span> <span class='ocrx_word' id='word_1_48' title='bbox 123 633 179 680; x_wconf 85' lang='lat' dir='ltr'><strong>vet.</strong></span> <span class='ocrx_word' id='word_1_49' title='bbox 200 655 233 666; x_wconf 93' lang='lat'>-</span> <span class='ocrx_word' id='word_1_50' title='bbox 253 623 369 678; x_wconf 76' lang='lat' dir='ltr'><strong>Cocceio</strong></span> <span class='ocrx_word' id='word_1_51' title='bbox 386 622 497 675; x_wconf 85' lang='lat' dir='ltr'><strong>Nerone</strong></span> <span class='ocrx_word' id='word_1_52' title='bbox 513 621 642 691; x_wconf 82' lang='lat' dir='ltr'><strong>praetori</strong></span> <span class='ocrx_word' id='word_1_53' title='bbox 660 620 822 687; x_wconf 79' lang='lat' dir='ltr'><strong>deeignoto,</strong></span> <span class='ocrx_word' id='word_1_54' title='bbox 842 637 877 674; x_wconf 83' lang='lat' dir='ltr'><strong>ex</strong></span> <span class='ocrx_word' id='word_1_55' title='bbox 891 619 1017 688; x_wconf 82' lang='lat' dir='ltr'><strong>posteris</strong></span> <span class='ocrx_word' id='word_1_56' title='bbox 1036 617 1129 683; x_wconf 87' lang='lat' dir='ltr'><strong>illius,</strong></span> <span class='ocrx_word' id='word_1_57' title='bbox 1148 614 1183 670; x_wconf 89' lang='lat' dir='ltr'><strong>de</strong></span> <span class='ocrx_word' id='word_1_58' title='bbox 1200 632 1259 686; x_wconf 85' lang='lat' dir='ltr'><strong>quo</strong></span> 
     </span>
     <span class='ocr_line' id='line_1_6' title="bbox 40 687 1258 762; baseline -0.003 -13"><span class='ocrx_word' id='word_1_59' title='bbox 40 716 65 749; x_wconf 84' lang='lat' dir='ltr'><strong>v.</strong></span> <span class='ocrx_word' id='word_1_60' title='bbox 78 695 117 749; x_wconf 87' lang='lat' dir='ltr'><strong>ad</strong></span> <span class='ocrx_word' id='word_1_61' title='bbox 126 698 155 762; x_wconf 87' lang='grc'><strong>4,</strong></span> <span class='ocrx_word' id='word_1_62' title='bbox 173 697 217 751; x_wconf 79' lang='grc'><strong>58.</strong></span> <span class='ocrx_word' id='word_1_63' title='bbox 237 697 312 760; x_wconf 74' lang='lat' dir='ltr'><strong>eto,</strong></span> <span class='ocrx_word' id='word_1_64' title='bbox 331 697 375 750; x_wconf 83' lang='grc'><strong>26.</strong></span> <span class='ocrx_word' id='word_1_65' title='bbox 396 694 510 748; x_wconf 70' lang='lat' dir='ltr'><strong>coccam</strong></span> <span class='ocrx_word' id='word_1_66' title='bbox 529 691 591 749; x_wconf 83' lang='lat' dir='ltr'><strong>edd.</strong></span> <span class='ocrx_word' id='word_1_67' title='bbox 611 693 675 747; x_wconf 87' lang='lat' dir='ltr'><strong>Ber.</strong></span> <span class='ocrx_word' id='word_1_68' title='bbox 695 691 846 761; x_wconf 84' lang='lat' dir='ltr'><strong>(adquam</strong></span> <span class='ocrx_word' id='word_1_69' title='bbox 865 689 951 744; x_wconf 82' lang='lat' dir='ltr'><strong>siluit</strong></span> <span class='ocrx_word' id='word_1_70' title='bbox 966 687 1057 752; x_wconf 86' lang='lat' dir='ltr'><strong>Vict.)</strong></span> <span class='ocrx_word' id='word_1_71' title='bbox 1074 687 1166 742; x_wconf 84' lang='lat' dir='ltr'><strong>Rhen.</strong></span> <span class='ocrx_word' id='word_1_72' title='bbox 1187 693 1212 742; x_wconf 90' lang='lat' dir='ltr'><strong>l.</strong></span> <span class='ocrx_word' id='word_1_73' title='bbox 1230 691 1258 745; x_wconf 94' lang='grc'><strong>2.</strong></span> 
     </span>
     <span class='ocr_line' id='line_1_7' title="bbox 38 759 1258 837; baseline -0.006 -15"><span class='ocrx_word' id='word_1_74' title='bbox 38 771 65 822; x_wconf 84' lang='grc'><strong>3.</strong></span> <span class='ocrx_word' id='word_1_75' title='bbox 84 785 149 837; x_wconf 84' lang='lat' dir='ltr'><strong>sqq.</strong></span> <span class='ocrx_word' id='word_1_76' title='bbox 182 765 282 820; x_wconf 75' lang='lat' dir='ltr'><strong>coceio</strong></span> <span class='ocrx_word' id='word_1_77' title='bbox 305 765 364 820; x_wconf 91' lang='lat' dir='ltr'><strong>MS.</strong></span> <span class='ocrx_word' id='word_1_78' title='bbox 391 763 490 818; x_wconf 82' lang='lat' dir='ltr'><strong>Guelf.</strong></span> <span class='ocrx_word' id='word_1_79' title='bbox 512 763 624 832; x_wconf 10' lang='lat' dir='ltr'><strong>*caceio</strong></span> <span class='ocrx_word' id='word_1_80' title='bbox 649 763 693 818; x_wconf 86' lang='lat' dir='ltr'><strong>ed.</strong></span> <span class='ocrx_word' id='word_1_81' title='bbox 718 762 796 834; x_wconf 87' lang='lat' dir='ltr'><strong>Spir.</strong></span> <span class='ocrx_word' id='word_1_82' title='bbox 825 760 939 816; x_wconf 75' lang='lat' dir='ltr'><strong>coactio</strong></span> <span class='ocrx_word' id='word_1_83' title='bbox 965 759 1026 814; x_wconf 90' lang='lat' dir='ltr'><strong>edd.</strong></span> <span class='ocrx_word' id='word_1_84' title='bbox 1052 761 1114 813; x_wconf 87' lang='lat' dir='ltr'><strong>Put.</strong></span> <span class='ocrx_word' id='word_1_85' title='bbox 1134 762 1159 814; x_wconf 93' lang='lat' dir='ltr'><strong>l.</strong></span> <span class='ocrx_word' id='word_1_86' title='bbox 1177 762 1203 815; x_wconf 88' lang='grc'><strong>2.</strong></span> <span class='ocrx_word' id='word_1_87' title='bbox 1223 789 1258 800; x_wconf 99' lang='grc'>-</span> 
     </span>
     <span class='ocr_line' id='line_1_8' title="bbox 42 830 1258 906; baseline -0.005 -16"><span class='ocrx_word' id='word_1_88' title='bbox 42 838 181 906; x_wconf 77' lang='lat' dir='ltr'><em>Tigellino</em></span> <span class='ocrx_word' id='word_1_89' title='bbox 196 840 341 906; x_wconf 72' lang='lat' dir='ltr'><strong>praefecto</strong></span> <span class='ocrx_word' id='word_1_90' title='bbox 357 837 511 905; x_wconf 81' lang='lat' dir='ltr'><strong>praetorii,</strong></span> <span class='ocrx_word' id='word_1_91' title='bbox 530 855 558 888; x_wconf 85' lang='lat' dir='ltr'><strong>v.</strong></span> <span class='ocrx_word' id='word_1_92' title='bbox 578 839 623 902; x_wconf 76' lang='lat'><strong>14,</strong></span> <span class='ocrx_word' id='word_1_93' title='bbox 641 837 684 890; x_wconf 84' lang='lat'><strong>51.</strong></span> <span class='ocrx_word' id='word_1_94' title='bbox 714 849 859 902; x_wconf 82' lang='lat' dir='ltr'><strong>—.super,</strong></span> <span class='ocrx_word' id='word_1_95' title='bbox 884 839 1010 902; x_wconf 83' lang='lat' dir='ltr'><strong>praeter.</strong></span> <span class='ocrx_word' id='word_1_96' title='bbox 1031 848 1059 883; x_wconf 77' lang='lat' dir='ltr'><strong>v.</strong></span> <span class='ocrx_word' id='word_1_97' title='bbox 1079 830 1141 886; x_wconf 92' lang='lat' dir='ltr'><strong>lnd.</strong></span> <span class='ocrx_word' id='word_1_98' title='bbox 1161 831 1204 884; x_wconf 90' lang='lat'><strong>11.</strong></span> <span class='ocrx_word' id='word_1_99' title='bbox 1223 857 1258 868; x_wconf 99' lang='lat'>-</span> 
     </span>
     <span class='ocr_line' id='line_1_9' title="bbox 40 901 1257 979; baseline -0.007 -17"><span class='ocrx_word' id='word_1_100' title='bbox 40 910 117 979; x_wconf 84' lang='lat' dir='ltr'><strong>opud</strong></span> <span class='ocrx_word' id='word_1_101' title='bbox 132 908 274 978; x_wconf 83' lang='lat' dir='ltr'><strong>palatium</strong></span> <span class='ocrx_word' id='word_1_102' title='bbox 292 925 398 978; x_wconf 78' lang='lat' dir='ltr'><strong>quoque</strong></span> <span class='ocrx_word' id='word_1_103' title='bbox 416 906 494 964; x_wconf 85' lang='lat' dir='ltr'>MSS.</span> <span class='ocrx_word' id='word_1_104' title='bbox 514 907 594 961; x_wconf 83' lang='lat' dir='ltr'><strong>Flor.</strong></span> <span class='ocrx_word' id='word_1_105' title='bbox 614 905 701 971; x_wconf 84' lang='lat' dir='ltr'><strong>(teste</strong></span> <span class='ocrx_word' id='word_1_106' title='bbox 719 903 812 970; x_wconf 87' lang='lat' dir='ltr'><strong>Picb.)</strong></span> <span class='ocrx_word' id='word_1_107' title='bbox 832 904 930 972; x_wconf 74' lang='lat' dir='ltr'><strong>Guelf.</strong></span> <span class='ocrx_word' id='word_1_108' title='bbox 956 902 1019 956; x_wconf 90' lang='lat' dir='ltr'><strong>edd.</strong></span> <span class='ocrx_word' id='word_1_109' title='bbox 1044 901 1121 974; x_wconf 84' lang='lat' dir='ltr'><strong>Spir.</strong></span> <span class='ocrx_word' id='word_1_110' title='bbox 1147 903 1208 958; x_wconf 89' lang='lat' dir='ltr'><strong>Put.</strong></span> <span class='ocrx_word' id='word_1_111' title='bbox 1231 905 1257 956; x_wconf 92' lang='lat' dir='ltr'><strong>l.</strong></span> 
     </span>
     <span class='ocr_line' id='line_1_10' title="bbox 39 973 1259 1050; baseline -0.008 -12"><span class='ocrx_word' id='word_1_112' title='bbox 39 986 66 1038; x_wconf 91' lang='grc'><strong>2.</strong></span> <span class='ocrx_word' id='word_1_113' title='bbox 86 981 156 1034; x_wconf 86' lang='lat' dir='ltr'><strong>Ber.</strong></span> <span class='ocrx_word' id='word_1_114' title='bbox 176 980 224 1046; x_wconf 81' lang='lat' dir='ltr'><strong>(ad</strong></span> <span class='ocrx_word' id='word_1_115' title='bbox 242 999 329 1050; x_wconf 86' lang='lat' dir='ltr'><strong>quam</strong></span> <span class='ocrx_word' id='word_1_116' title='bbox 347 981 440 1032; x_wconf 81' lang='lat' dir='ltr'><strong>tacuit</strong></span> <span class='ocrx_word' id='word_1_117' title='bbox 457 980 546 1042; x_wconf 86' lang='lat' dir='ltr'><strong>Viet.)</strong></span> <span class='ocrx_word' id='word_1_118' title='bbox 564 977 656 1034; x_wconf 81' lang='lat' dir='ltr'><strong>Rhea.</strong></span> <span class='ocrx_word' id='word_1_119' title='bbox 677 983 702 1032; x_wconf 88' lang='lat'><strong>1.</strong></span> <span class='ocrx_word' id='word_1_120' title='bbox 722 975 800 1032; x_wconf 87' lang='lat' dir='ltr'><strong>Pich.</strong></span> <span class='ocrx_word' id='word_1_121' title='bbox 822 993 883 1046; x_wconf 82' lang='lat' dir='ltr'><strong>sqq.</strong></span> <span class='ocrx_word' id='word_1_122' title='bbox 909 975 983 1042; x_wconf 86' lang='lat' dir='ltr'><strong>opud</strong></span> <span class='ocrx_word' id='word_1_123' title='bbox 996 974 1054 1042; x_wconf 86' lang='lat' dir='ltr'><strong>pol.</strong></span> <span class='ocrx_word' id='word_1_124' title='bbox 1079 973 1192 1040; x_wconf 76' lang='lat' dir='ltr'><strong>effigies</strong></span> <span class='ocrx_word' id='word_1_125' title='bbox 1211 989 1259 1028; x_wconf 88' lang='lat' dir='ltr'><strong>eo-</strong></span> 
     </span>
     <span class='ocr_line' id='line_1_11' title="bbox 40 1045 1281 1122; baseline -0.006 -16"><span class='ocrx_word' id='word_1_126' title='bbox 40 1071 105 1106; x_wconf 80' lang='lat' dir='ltr'><strong>rum</strong></span> <span class='ocrx_word' id='word_1_127' title='bbox 124 1068 227 1122; x_wconf 75' lang='lat' dir='ltr'><strong>quoque</strong></span> <span class='ocrx_word' id='word_1_128' title='bbox 245 1049 302 1104; x_wconf 87' lang='lat' dir='ltr'><strong>MS.</strong></span> <span class='ocrx_word' id='word_1_129' title='bbox 323 1048 393 1104; x_wconf 75' lang='lat' dir='ltr'><strong>liud.</strong></span> <span class='ocrx_word' id='word_1_130' title='bbox 413 1048 475 1104; x_wconf 88' lang='lat' dir='ltr'><strong>edd.</strong></span> <span class='ocrx_word' id='word_1_131' title='bbox 495 1049 586 1104; x_wconf 83' lang='lat' dir='ltr'><strong>Rhen.</strong></span> <span class='ocrx_word' id='word_1_132' title='bbox 606 1052 634 1105; x_wconf 84' lang='grc'><strong>2.</strong></span> <span class='ocrx_word' id='word_1_133' title='bbox 653 1051 679 1106; x_wconf 84' lang='grc'><strong>3.</strong></span> <span class='ocrx_word' id='word_1_134' title='bbox 695 1048 766 1102; x_wconf 74' lang='lat' dir='ltr'><strong>AM.</strong></span> <span class='ocrx_word' id='word_1_135' title='bbox 785 1047 862 1118; x_wconf 82' lang='lat' dir='ltr'><strong>lips.</strong></span> <span class='ocrx_word' id='word_1_136' title='bbox 884 1046 968 1104; x_wconf 76' lang='lat' dir='ltr'><strong>erut.</strong></span> <span class='ocrx_word' id='word_1_137' title='bbox 1004 1045 1091 1098; x_wconf 86' lang='lat' dir='ltr'><strong>Paulo</strong></span> <span class='ocrx_word' id='word_1_138' title='bbox 1117 1053 1182 1114; x_wconf 83' lang='lat' dir='ltr'><strong>post</strong></span> <span class='ocrx_word' id='word_1_139' title='bbox 1199 1051 1259 1098; x_wconf 77' lang='lat' dir='ltr'><strong>elo·</strong></span> <span class='ocrx_word' id='word_1_140' title='bbox 1279 1052 1281 1058; x_wconf 84' lang='lat'><em>&#39;</em></span> 
     </span>
     <span class='ocr_line' id='line_1_12' title="bbox 41 1111 1260 1193; baseline -0.007 -16"><span class='ocrx_word' id='word_1_141' title='bbox 41 1125 97 1178; x_wconf 83' lang='lat' dir='ltr'><strong>tuit</strong></span> <span class='ocrx_word' id='word_1_142' title='bbox 117 1139 173 1193; x_wconf 90' lang='lat' dir='ltr'><strong>pro</strong></span> <span class='ocrx_word' id='word_1_143' title='bbox 190 1122 307 1176; x_wconf 74' lang='lat' dir='ltr'><strong>sisteret</strong></span> <span class='ocrx_word' id='word_1_144' title='bbox 325 1121 384 1176; x_wconf 92' lang='lat' dir='ltr'><strong>MS.</strong></span> <span class='ocrx_word' id='word_1_145' title='bbox 404 1120 489 1176; x_wconf 84' lang='lat' dir='ltr'><strong>Gorb.</strong></span> <span class='ocrx_word' id='word_1_146' title='bbox 509 1120 627 1175; x_wconf 82' lang='lat' dir='ltr'><strong>statuit.-</strong></span> <span class='ocrx_word' id='word_1_147' title='bbox 653 1120 698 1173; x_wconf 85' lang='lat' dir='ltr'><strong>uel</strong></span> <span class='ocrx_word' id='word_1_148' title='bbox 714 1119 831 1178; x_wconf 75' lang='lat' dir='ltr'><strong>sisteret</strong></span> <span class='ocrx_word' id='word_1_149' title='bbox 853 1117 896 1172; x_wconf 86' lang='lat' dir='ltr'><strong>ed.</strong></span> <span class='ocrx_word' id='word_1_150' title='bbox 916 1115 993 1186; x_wconf 84' lang='lat' dir='ltr'><strong>Spir.</strong></span> <span class='ocrx_word' id='word_1_151' title='bbox 1030 1117 1106 1170; x_wconf 86' lang='lat' dir='ltr'><strong>Hinc</strong></span> <span class='ocrx_word' id='word_1_152' title='bbox 1124 1111 1260 1169; x_wconf 71' lang='lat' dir='ltr'><strong>statuerit</strong></span> 
     </span>
     <span class='ocr_line' id='line_1_13' title="bbox 39 1185 1257 1266; baseline -0.008 -17"><span class='ocrx_word' id='word_1_153' title='bbox 39 1211 94 1266; x_wconf 89' lang='lat' dir='ltr'><strong>pro</strong></span> <span class='ocrx_word' id='word_1_154' title='bbox 108 1194 221 1247; x_wconf 75' lang='lat' dir='ltr'><strong>sisteret</strong></span> <span class='ocrx_word' id='word_1_155' title='bbox 232 1195 399 1248; x_wconf 90' lang='lat' dir='ltr'><strong>coni.B1·ot.</strong></span> <span class='ocrx_word' id='word_1_156' title='bbox 417 1192 484 1246; x_wconf 83' lang='lat' dir='ltr'><strong>Post</strong></span> <span class='ocrx_word' id='word_1_157' title='bbox 499 1193 615 1246; x_wconf 79' lang='lat' dir='ltr'><strong>sisteret</strong></span> <span class='ocrx_word' id='word_1_158' title='bbox 627 1190 763 1245; x_wconf 79' lang='lat' dir='ltr'><strong>addidere</strong></span> <span class='ocrx_word' id='word_1_159' title='bbox 781 1189 861 1244; x_wconf 78' lang='lat' dir='ltr'><strong>dedit</strong></span> <span class='ocrx_word' id='word_1_160' title='bbox 880 1189 966 1241; x_wconf 83' lang='lat' dir='ltr'><strong>etiam</strong></span> <span class='ocrx_word' id='word_1_161' title='bbox 978 1188 1040 1243; x_wconf 90' lang='lat' dir='ltr'><strong>edd.</strong></span> <span class='ocrx_word' id='word_1_162' title='bbox 1054 1189 1118 1242; x_wconf 88' lang='lat' dir='ltr'><strong>Ber.</strong></span> <span class='ocrx_word' id='word_1_163' title='bbox 1129 1185 1220 1242; x_wconf 86' lang='lat' dir='ltr'><strong>Rhen.</strong></span> <span class='ocrx_word' id='word_1_164' title='bbox 1232 1191 1257 1243; x_wconf 91' lang='lat'><strong>1.</strong></span> 
     </span>
     <span class='ocr_line' id='line_1_14' title="bbox 40 1257 1257 1349; baseline -0.011 -24"><span class='ocrx_word' id='word_1_165' title='bbox 40 1271 67 1325; x_wconf 78' lang='lat'><strong>2·</strong></span> <span class='ocrx_word' id='word_1_166' title='bbox 86 1269 114 1322; x_wconf 83' lang='lat'><strong>3.</strong></span> <span class='ocrx_word' id='word_1_167' title='bbox 134 1273 163 1319; x_wconf 87' lang='lat' dir='ltr'><strong>et</strong></span> <span class='ocrx_word' id='word_1_168' title='bbox 182 1273 237 1321; x_wconf 91' lang='lat' dir='ltr'><strong>cet.</strong></span> <span class='ocrx_word' id='word_1_169' title='bbox 257 1273 323 1320; x_wconf 89' lang='lat' dir='ltr'><strong>ante</strong></span> <span class='ocrx_word' id='word_1_170' title='bbox 341 1266 463 1349; x_wconf 70' lang='lat' dir='ltr'><strong>Berneg.</strong></span> <span class='ocrx_word' id='word_1_171' title='bbox 490 1281 564 1348; x_wconf 77' lang='lat' dir='ltr'><strong>quae</strong></span> <span class='ocrx_word' id='word_1_172' title='bbox 587 1271 684 1316; x_wconf 65' lang='lat' dir='ltr'><strong>umen</strong></span> <span class='ocrx_word' id='word_1_173' title='bbox 707 1263 810 1316; x_wconf 84' lang='lat' dir='ltr'><strong>absunt</strong></span> <span class='ocrx_word' id='word_1_174' title='bbox 836 1278 853 1314; x_wconf 86' lang='lat' dir='ltr'><strong>a</strong></span> <span class='ocrx_word' id='word_1_175' title='bbox 870 1258 949 1313; x_wconf 87' lang='lat' dir='ltr'><strong>MSS.</strong></span> <span class='ocrx_word' id='word_1_176' title='bbox 968 1267 998 1314; x_wconf 87' lang='lat' dir='ltr'><strong>et</strong></span> <span class='ocrx_word' id='word_1_177' title='bbox 1011 1258 1079 1316; x_wconf 74' lang='lat' dir='ltr'><strong>edd.</strong></span> <span class='ocrx_word' id='word_1_178' title='bbox 1098 1257 1175 1330; x_wconf 86' lang='lat' dir='ltr'><strong>Spir.</strong></span> <span class='ocrx_word' id='word_1_179' title='bbox 1195 1259 1257 1312; x_wconf 81' lang='lat' dir='ltr'><strong>Put.</strong></span> 
     </span>
     <span class='ocr_line' id='line_1_15' title="bbox 40 1329 1258 1402; baseline -0.008 -10"><span class='ocrx_word' id='word_1_180' title='bbox 40 1340 113 1393; x_wconf 77' lang='lat'><strong>1.2</strong></span> <span class='ocrx_word' id='word_1_181' title='bbox 150 1335 194 1390; x_wconf 79' lang='lat' dir='ltr'><strong>Ad</strong></span> <span class='ocrx_word' id='word_1_182' title='bbox 212 1337 373 1390; x_wconf 74' lang='lat' dir='ltr'><strong>conmloria</strong></span> <span class='ocrx_word' id='word_1_183' title='bbox 391 1336 521 1402; x_wconf 76' lang='lat' dir='ltr'><strong>inssgnsa</strong></span> <span class='ocrx_word' id='word_1_184' title='bbox 540 1333 636 1388; x_wconf 86' lang='lat' dir='ltr'><strong>intell·</strong></span> <span class='ocrx_word' id='word_1_185' title='bbox 656 1332 766 1390; x_wconf 80' lang='lat' dir='ltr'><strong>tribuit.</strong></span> <span class='ocrx_word' id='word_1_186' title='bbox 794 1365 828 1376; x_wconf 90' lang='lat'>-</span> <span class='ocrx_word' id='word_1_187' title='bbox 852 1329 1022 1400; x_wconf 68' lang='lat' dir='ltr'><strong>Nymphidio</strong></span> <span class='ocrx_word' id='word_1_188' title='bbox 1042 1329 1145 1384; x_wconf 91' lang='lat' dir='ltr'><strong>Sabino</strong></span> <span class='ocrx_word' id='word_1_189' title='bbox 1163 1332 1258 1400; x_wconf 81' lang='lat' dir='ltr'><strong>praef.</strong></span> 
     </span>
     <span class='ocr_line' id='line_1_16' title="bbox 40 1403 1257 1492; baseline -0.002 -32"><span class='ocrx_word' id='word_1_190' title='bbox 40 1416 135 1479; x_wconf 85' lang='lat' dir='ltr'><strong>praet·</strong></span> <span class='ocrx_word' id='word_1_191' title='bbox 155 1424 221 1460; x_wconf 88' lang='lat' dir='ltr'><strong>cum</strong></span> <span class='ocrx_word' id='word_1_192' title='bbox 240 1407 398 1492; x_wconf 72' lang='lat' dir='ltr'><strong>Tigellino.</strong></span> <span class='ocrx_word' id='word_1_193' title='bbox 420 1407 464 1460; x_wconf 81' lang='lat' dir='ltr'><strong>Cf·</strong></span> <span class='ocrx_word' id='word_1_194' title='bbox 483 1406 546 1461; x_wconf 89' lang='lat' dir='ltr'><strong>lnd.</strong></span> <span class='ocrx_word' id='word_1_195' title='bbox 567 1407 606 1459; x_wconf 89' lang='lat'><strong>11.</strong></span> <span class='ocrx_word' id='word_1_196' title='bbox 625 1413 654 1460; x_wconf 86' lang='lat' dir='ltr'><strong>st</strong></span> <span class='ocrx_word' id='word_1_197' title='bbox 671 1406 747 1459; x_wconf 84' lang='lat' dir='ltr'><strong>Plut.</strong></span> <span class='ocrx_word' id='word_1_198' title='bbox 774 1404 829 1458; x_wconf 77' lang='lat' dir='ltr'><strong>vit.</strong></span> <span class='ocrx_word' id='word_1_199' title='bbox 851 1403 958 1456; x_wconf 81' lang='lat' dir='ltr'>Galbae</span> <span class='ocrx_word' id='word_1_200' title='bbox 985 1419 1009 1470; x_wconf 76' lang='lat' dir='ltr'><strong>c.</strong></span> <span class='ocrx_word' id='word_1_201' title='bbox 1027 1403 1054 1454; x_wconf 92' lang='grc'><strong>2.</strong></span> <span class='ocrx_word' id='word_1_202' title='bbox 1077 1419 1105 1474; x_wconf 90' lang='lat' dir='ltr'><strong>p.</strong></span> <span class='ocrx_word' id='word_1_203' title='bbox 1126 1405 1204 1458; x_wconf 83' lang='lat'><strong>1⁰53.</strong></span> <span class='ocrx_word' id='word_1_204' title='bbox 1224 1433 1257 1444; x_wconf 95' lang='lat'>—</span> 
     </span>
     <span class='ocr_line' id='line_1_17' title="bbox 41 1472 1258 1550; baseline -0.005 -18"><span class='ocrx_word' id='word_1_205' title='bbox 41 1480 111 1550; x_wconf 79' lang='lat' dir='ltr'><strong>quio</strong></span> <span class='ocrx_word' id='word_1_206' title='bbox 136 1495 207 1532; x_wconf 77' lang='lat' dir='ltr'><strong>amno</strong></span> <span class='ocrx_word' id='word_1_207' title='bbox 231 1495 355 1546; x_wconf 66' lang='lat' dir='ltr'><strong>ptumum</strong></span> <span class='ocrx_word' id='word_1_208' title='bbox 379 1479 490 1534; x_wconf 81' lang='lat' dir='ltr'><strong>ottann</strong></span> <span class='ocrx_word' id='word_1_209' title='bbox 514 1485 566 1545; x_wconf 79' lang='lat' dir='ltr'><strong>est,</strong></span> <span class='ocrx_word' id='word_1_210' title='bbox 598 1477 709 1530; x_wconf 77' lang='lat' dir='ltr'>occasio</span> <span class='ocrx_word' id='word_1_211' title='bbox 737 1476 773 1530; x_wconf 89' lang='lat' dir='ltr'><strong>de</strong></span> <span class='ocrx_word' id='word_1_212' title='bbox 791 1491 824 1529; x_wconf 93' lang='lat' dir='ltr'><strong>eo</strong></span> <span class='ocrx_word' id='word_1_213' title='bbox 847 1473 986 1544; x_wconf 86' lang='lat' dir='ltr'><strong>loquendi</strong></span> <span class='ocrx_word' id='word_1_214' title='bbox 1009 1472 1104 1528; x_wconf 86' lang='lat' dir='ltr'><strong>oblata</strong></span> <span class='ocrx_word' id='word_1_215' title='bbox 1122 1480 1174 1526; x_wconf 86' lang='lat' dir='ltr'><strong>eet.</strong></span> <span class='ocrx_word' id='word_1_216' title='bbox 1203 1487 1258 1544; x_wconf 79' lang='lat' dir='ltr'><strong>quo</strong></span> 
     </span>
     <span class='ocr_line' id='line_1_18' title="bbox 41 1541 1259 1619; baseline -0.005 -15"><span class='ocrx_word' id='word_1_217' title='bbox 41 1567 115 1604; x_wconf 85' lang='lat' dir='ltr'><strong>nunc</strong></span> <span class='ocrx_word' id='word_1_218' title='bbox 131 1551 191 1605; x_wconf 90' lang='lat' dir='ltr'><strong>MS.</strong></span> <span class='ocrx_word' id='word_1_219' title='bbox 210 1549 291 1604; x_wconf 85' lang='lat' dir='ltr'><strong>Flor.</strong></span> <span class='ocrx_word' id='word_1_220' title='bbox 310 1558 386 1604; x_wconf 86' lang='lat' dir='ltr'><strong>teste</strong></span> <span class='ocrx_word' id='word_1_221' title='bbox 404 1549 505 1614; x_wconf 81' lang='lat' dir='ltr'><strong>Furia,</strong></span> <span class='ocrx_word' id='word_1_222' title='bbox 525 1557 555 1603; x_wconf 89' lang='lat' dir='ltr'><strong>et</strong></span> <span class='ocrx_word' id='word_1_223' title='bbox 573 1565 652 1618; x_wconf 81' lang='lat' dir='ltr'><strong>quem</strong></span> <span class='ocrx_word' id='word_1_224' title='bbox 668 1563 724 1619; x_wconf 85' lang='lat' dir='ltr'><strong>pro</strong></span> <span class='ocrx_word' id='word_1_225' title='bbox 743 1547 848 1616; x_wconf 78' lang='lat' dir='ltr'><strong>dequo</strong></span> <span class='ocrx_word' id='word_1_226' title='bbox 872 1545 915 1599; x_wconf 89' lang='lat' dir='ltr'><strong>ed.</strong></span> <span class='ocrx_word' id='word_1_227' title='bbox 934 1541 1012 1615; x_wconf 87' lang='lat' dir='ltr'><strong>Spir.</strong></span> <span class='ocrx_word' id='word_1_228' title='bbox 1037 1575 1069 1586; x_wconf 90' lang='lat'><em>-</em></span> <span class='ocrx_word' id='word_1_229' title='bbox 1094 1559 1187 1612; x_wconf 83' lang='lat' dir='ltr'><strong>pauca</strong></span> <span class='ocrx_word' id='word_1_230' title='bbox 1210 1561 1259 1598; x_wconf 80' lang='lat' dir='ltr'><strong>re·</strong></span> 
     </span>
     <span class='ocr_line' id='line_1_19' title="bbox 39 1615 1260 1690; baseline -0.004 -15"><span class='ocrx_word' id='word_1_231' title='bbox 39 1629 142 1690; x_wconf 80' lang='lat' dir='ltr'><strong>petens,</strong></span> <span class='ocrx_word' id='word_1_232' title='bbox 160 1640 190 1675; x_wconf 84' lang='lat' dir='ltr'><strong>v.</strong></span> <span class='ocrx_word' id='word_1_233' title='bbox 210 1621 245 1675; x_wconf 86' lang='lat' dir='ltr'><strong>ad</strong></span> <span class='ocrx_word' id='word_1_234' title='bbox 263 1624 290 1688; x_wconf 86' lang='grc'><strong>3,</strong></span> <span class='ocrx_word' id='word_1_235' title='bbox 308 1625 353 1688; x_wconf 89' lang='grc'><strong>24,</strong></span> <span class='ocrx_word' id='word_1_236' title='bbox 373 1626 399 1678; x_wconf 89' lang='lat' dir='ltr'><strong>l.</strong></span> <span class='ocrx_word' id='word_1_237' title='bbox 431 1649 464 1660; x_wconf 94' lang='lat'><em>-</em></span> <span class='ocrx_word' id='word_1_238' title='bbox 483 1637 549 1674; x_wconf 86' lang='lat' dir='ltr'><strong>nom</strong></span> <span class='ocrx_word' id='word_1_239' title='bbox 567 1627 595 1672; x_wconf 84' lang='lat' dir='ltr'><strong>et</strong></span> <span class='ocrx_word' id='word_1_240' title='bbox 613 1620 674 1688; x_wconf 80' lang='lat' dir='ltr'><strong>ipse</strong></span> <span class='ocrx_word' id='word_1_241' title='bbox 697 1634 769 1687; x_wconf 80' lang='lat' dir='ltr'><strong>pars</strong></span> <span class='ocrx_word' id='word_1_242' title='bbox 786 1619 975 1672; x_wconf 79' lang='lat' dir='ltr'><strong>Romanarum</strong></span> <span class='ocrx_word' id='word_1_243' title='bbox 995 1615 1117 1668; x_wconf 81' lang='lat' dir='ltr'><strong>clodium</strong></span> <span class='ocrx_word' id='word_1_244' title='bbox 1143 1615 1210 1682; x_wconf 80' lang='lat' dir='ltr'><strong>e&#39;rs&#39;l,</strong></span> <span class='ocrx_word' id='word_1_245' title='bbox 1242 1633 1260 1670; x_wconf 81' lang='lat' dir='ltr'><strong>a</strong></span> 
     </span>
     <span class='ocr_line' id='line_1_20' title="bbox 42 1686 1261 1763; baseline -0.005 -17"><span class='ocrx_word' id='word_1_246' title='bbox 42 1711 91 1748; x_wconf 89' lang='lat' dir='ltr'><strong>me</strong></span> <span class='ocrx_word' id='word_1_247' title='bbox 109 1692 266 1763; x_wconf 85' lang='lat' dir='ltr'><strong>aliquando</strong></span> <span class='ocrx_word' id='word_1_248' title='bbox 284 1693 486 1750; x_wconf 85' lang='lat' dir='ltr'><strong>memorandus</strong></span> <span class='ocrx_word' id='word_1_249' title='bbox 505 1694 586 1746; x_wconf 88' lang='lat' dir='ltr'><strong>inter</strong></span> <span class='ocrx_word' id='word_1_250' title='bbox 603 1691 732 1744; x_wconf 81' lang='lat' dir='ltr'><strong>insontes</strong></span> <span class='ocrx_word' id='word_1_251' title='bbox 751 1697 781 1742; x_wconf 89' lang='lat' dir='ltr'><strong>et</strong></span> <span class='ocrx_word' id='word_1_252' title='bbox 798 1689 929 1742; x_wconf 85' lang='lat' dir='ltr'><strong>illustres</strong></span> <span class='ocrx_word' id='word_1_253' title='bbox 947 1687 1028 1743; x_wconf 81' lang='lat' dir='ltr'><strong>uiros</strong></span> <span class='ocrx_word' id='word_1_254' title='bbox 1045 1686 1151 1742; x_wconf 83' lang='lat' dir='ltr'><strong>Romae</strong></span> <span class='ocrx_word' id='word_1_255' title='bbox 1169 1688 1261 1740; x_wconf 87' lang='lat' dir='ltr'><strong>inter·</strong></span> 
     </span>
     <span class='ocr_line' id='line_1_21' title="bbox 40 1755 1259 1829; baseline -0.006 -12"><span class='ocrx_word' id='word_1_256' title='bbox 40 1768 145 1818; x_wconf 79' lang='lat' dir='ltr'><strong>factos.</strong></span> <span class='ocrx_word' id='word_1_257' title='bbox 181 1761 296 1818; x_wconf 82' lang='lat' dir='ltr'><strong>Similia</strong></span> <span class='ocrx_word' id='word_1_258' title='bbox 322 1764 423 1818; x_wconf 82' lang='lat' dir='ltr'><strong>dixere</strong></span> <span class='ocrx_word' id='word_1_259' title='bbox 448 1762 501 1821; x_wconf 86' lang='lat' dir='ltr'><strong>Sil.</strong></span> <span class='ocrx_word' id='word_1_260' title='bbox 529 1767 556 1828; x_wconf 78' lang='lat'><strong>6,</strong></span> <span class='ocrx_word' id='word_1_261' title='bbox 580 1765 643 1818; x_wconf 78' lang='lat'><strong>329.</strong></span> <span class='ocrx_word' id='word_1_262' title='bbox 669 1761 774 1826; x_wconf 80' lang='lat' dir='ltr'><strong>(Italus</strong></span> <span class='ocrx_word' id='word_1_263' title='bbox 794 1775 866 1829; x_wconf 77' lang='lat' dir='ltr'><strong>pare</strong></span> <span class='ocrx_word' id='word_1_264' title='bbox 887 1775 992 1826; x_wconf 71' lang='lat' dir='ltr'><strong>magara</strong></span> <span class='ocrx_word' id='word_1_265' title='bbox 1013 1759 1114 1810; x_wconf 76' lang='lat' dir='ltr'><strong>ruinae</strong></span> <span class='ocrx_word' id='word_1_266' title='bbox 1139 1755 1259 1826; x_wconf 80' lang='lat' dir='ltr'><strong>Appius)</strong></span> 
     </span>
     <span class='ocr_line' id='line_1_22' title="bbox 40 1828 1259 1912; baseline -0.008 -18"><span class='ocrx_word' id='word_1_267' title='bbox 40 1839 68 1900; x_wconf 84' lang='grc'><strong>8,</strong></span> <span class='ocrx_word' id='word_1_268' title='bbox 87 1839 149 1894; x_wconf 80' lang='grc'><strong>426.</strong></span> <span class='ocrx_word' id='word_1_269' title='bbox 169 1839 213 1898; x_wconf 83' lang='lat'><strong>1⁰,</strong></span> <span class='ocrx_word' id='word_1_270' title='bbox 230 1837 292 1891; x_wconf 84' lang='grc'><strong>223.</strong></span> <span class='ocrx_word' id='word_1_271' title='bbox 311 1836 392 1912; x_wconf 77' lang='lat' dir='ltr'><strong>Virg.</strong></span> <span class='ocrx_word' id='word_1_272' title='bbox 412 1835 483 1890; x_wconf 87' lang='lat' dir='ltr'><strong>Aen.</strong></span> <span class='ocrx_word' id='word_1_273' title='bbox 502 1835 529 1899; x_wconf 90' lang='grc'><strong>2,</strong></span> <span class='ocrx_word' id='word_1_274' title='bbox 549 1837 575 1890; x_wconf 83' lang='grc'><strong>6.</strong></span> <span class='ocrx_word' id='word_1_275' title='bbox 594 1837 640 1898; x_wconf 81' lang='lat'><strong>1⁰,</strong></span> <span class='ocrx_word' id='word_1_276' title='bbox 659 1834 720 1888; x_wconf 89' lang='grc'><strong>427.</strong></span> <span class='ocrx_word' id='word_1_277' title='bbox 732 1835 792 1888; x_wconf 87' lang='grc'><strong>737.</strong></span> <span class='ocrx_word' id='word_1_278' title='bbox 811 1839 840 1886; x_wconf 86' lang='lat' dir='ltr'><strong>et</strong></span> <span class='ocrx_word' id='word_1_279' title='bbox 857 1831 917 1888; x_wconf 81' lang='lat' dir='ltr'><strong>alii.</strong></span> <span class='ocrx_word' id='word_1_280' title='bbox 938 1831 1003 1898; x_wconf 80' lang='lat' dir='ltr'><strong>ipso</strong></span> <span class='ocrx_word' id='word_1_281' title='bbox 1017 1845 1088 1898; x_wconf 84' lang='lat' dir='ltr'><strong>pore</strong></span> <span class='ocrx_word' id='word_1_282' title='bbox 1103 1828 1162 1882; x_wconf 90' lang='lat' dir='ltr'><strong>MS.</strong></span> <span class='ocrx_word' id='word_1_283' title='bbox 1179 1828 1259 1884; x_wconf 76' lang='lat' dir='ltr'><strong>Flor.</strong></span> 
     </span>
     <span class='ocr_line' id='line_1_23' title="bbox 40 1901 1260 1978; baseline -0.007 -16"><span class='ocrx_word' id='word_1_284' title='bbox 40 1915 116 1962; x_wconf 85' lang='lat' dir='ltr'><strong>teste</strong></span> <span class='ocrx_word' id='word_1_285' title='bbox 141 1907 233 1960; x_wconf 81' lang='lat' dir='ltr'><strong>Furia</strong></span> <span class='ocrx_word' id='word_1_286' title='bbox 258 1915 290 1961; x_wconf 87' lang='lat' dir='ltr'><strong>et</strong></span> <span class='ocrx_word' id='word_1_287' title='bbox 312 1906 356 1962; x_wconf 86' lang='lat' dir='ltr'><strong>ed.</strong></span> <span class='ocrx_word' id='word_1_288' title='bbox 384 1905 461 1978; x_wconf 90' lang='lat' dir='ltr'><strong>Spir.</strong></span> <span class='ocrx_word' id='word_1_289' title='bbox 489 1935 523 1947; x_wconf 91' lang='lat'>-</span> <span class='ocrx_word' id='word_1_290' title='bbox 550 1904 649 1972; x_wconf 76' lang='lat' dir='ltr'><strong>Igitur</strong></span> <span class='ocrx_word' id='word_1_291' title='bbox 673 1902 774 1957; x_wconf 85' lang='lat' dir='ltr'><strong>Germ.</strong></span> <span class='ocrx_word' id='word_1_292' title='bbox 803 1901 992 1968; x_wconf 69' lang='lat' dir='ltr'><strong>demach,</strong></span> <span class='ocrx_word' id='word_1_293' title='bbox 1023 1901 1178 1970; x_wconf 86' lang='lat' dir='ltr'><strong>particula,</strong></span> <span class='ocrx_word' id='word_1_294' title='bbox 1204 1917 1260 1970; x_wconf 89' lang='lat' dir='ltr'><strong>per</strong></span> 
     </span>
     <span class='ocr_line' id='line_1_24' title="bbox 41 1970 1260 2050; baseline -0.005 -20"><span class='ocrx_word' id='word_1_295' title='bbox 41 1995 128 2048; x_wconf 84' lang='lat' dir='ltr'><strong>qnam</strong></span> <span class='ocrx_word' id='word_1_296' title='bbox 146 1985 248 2030; x_wconf 89' lang='lat' dir='ltr'><strong>auctor</strong></span> <span class='ocrx_word' id='word_1_297' title='bbox 274 1978 352 2032; x_wconf 87' lang='lat' dir='ltr'><strong>redit</strong></span> <span class='ocrx_word' id='word_1_298' title='bbox 374 1979 410 2033; x_wconf 91' lang='lat' dir='ltr'><strong>ad</strong></span> <span class='ocrx_word' id='word_1_299' title='bbox 433 1976 627 2048; x_wconf 86' lang='lat' dir='ltr'><strong>propositum,</strong></span> <span class='ocrx_word' id='word_1_300' title='bbox 646 1973 724 2028; x_wconf 86' lang='lat' dir='ltr'><strong>unde</strong></span> <span class='ocrx_word' id='word_1_301' title='bbox 742 1982 817 2028; x_wconf 83' lang='lat' dir='ltr'><strong>erat·</strong></span> <span class='ocrx_word' id='word_1_302' title='bbox 830 1973 994 2050; x_wconf 74' lang='lat' dir='ltr'><strong>digressus,</strong></span> <span class='ocrx_word' id='word_1_303' title='bbox 1023 1970 1131 2026; x_wconf 81' lang='lat' dir='ltr'><strong>Wattt.</strong></span> <span class='ocrx_word' id='word_1_304' title='bbox 1160 1971 1204 2026; x_wconf 78' lang='lat' dir='ltr'><strong>cf.</strong></span> <span class='ocrx_word' id='word_1_305' title='bbox 1224 1971 1260 2025; x_wconf 83' lang='lat' dir='ltr'><strong>ad</strong></span> 
     </span>
     <span class='ocr_line' id='line_1_25' title="bbox 40 2041 1259 2130; baseline -0.007 -26"><span class='ocrx_word' id='word_1_306' title='bbox 40 2051 77 2104; x_wconf 88' lang='lat' dir='ltr'><strong>G.</strong></span> <span class='ocrx_word' id='word_1_307' title='bbox 96 2052 141 2106; x_wconf 76' lang='lat'><strong>28.</strong></span> <span class='ocrx_word' id='word_1_308' title='bbox 160 2067 190 2102; x_wconf 90' lang='lat' dir='ltr'><strong>n.</strong></span> <span class='ocrx_word' id='word_1_309' title='bbox 209 2050 235 2104; x_wconf 79' lang='grc' dir='ltr'><strong>ὅ.</strong></span> <span class='ocrx_word' id='word_1_310' title='bbox 257 2081 290 2092; x_wconf 94' lang='grc'>-</span> <span class='ocrx_word' id='word_1_311' title='bbox 310 2063 381 2118; x_wconf 82' lang='lat' dir='ltr'><strong>quoe</strong></span> <span class='ocrx_word' id='word_1_312' title='bbox 399 2065 501 2118; x_wconf 78' lang='lat' dir='ltr'><strong>corpur</strong></span> <span class='ocrx_word' id='word_1_313' title='bbox 519 2078 553 2090; x_wconf 93' lang='lat'>-</span> <span class='ocrx_word' id='word_1_314' title='bbox 571 2047 749 2114; x_wconf 78' lang='lat' dir='ltr'><strong>vulgaverat,</strong></span> <span class='ocrx_word' id='word_1_315' title='bbox 777 2063 808 2099; x_wconf 84' lang='lat' dir='ltr'><strong>so</strong></span> <span class='ocrx_word' id='word_1_316' title='bbox 832 2061 994 2130; x_wconf 85' lang='lat' dir='ltr'><strong>corpusque</strong></span> <span class='ocrx_word' id='word_1_317' title='bbox 1019 2060 1102 2096; x_wconf 88' lang='lat' dir='ltr'><strong>suum</strong></span> <span class='ocrx_word' id='word_1_318' title='bbox 1126 2041 1259 2112; x_wconf 80' lang='lat' dir='ltr'><strong>omnibus</strong></span> 
     </span>
     <span class='ocr_line' id='line_1_26' title="bbox 39 2111 1259 2192; baseline -0.005 -19"><span class='ocrx_word' id='word_1_319' title='bbox 39 2121 209 2192; x_wconf 84' lang='lat' dir='ltr'><strong>promiscue</strong></span> <span class='ocrx_word' id='word_1_320' title='bbox 227 2121 429 2190; x_wconf 80' lang='lat' dir='ltr'><strong>prostituerat.</strong></span> <span class='ocrx_word' id='word_1_321' title='bbox 455 2153 486 2164; x_wconf 91' lang='lat'>-</span> <span class='ocrx_word' id='word_1_322' title='bbox 507 2121 582 2185; x_wconf 73' lang='lat' dir='ltr'><strong>forte</strong></span> <span class='ocrx_word' id='word_1_323' title='bbox 601 2117 721 2188; x_wconf 78' lang='lat' dir='ltr'><strong>quodum</strong></span> <span class='ocrx_word' id='word_1_324' title='bbox 739 2117 784 2184; x_wconf 90' lang='lat' dir='ltr'><strong>(ut</strong></span> <span class='ocrx_word' id='word_1_325' title='bbox 801 2134 845 2188; x_wconf 86' lang='lat' dir='ltr'><strong>ap.</strong></span> <span class='ocrx_word' id='word_1_326' title='bbox 864 2117 927 2170; x_wconf 75' lang='lat' dir='ltr'><strong>htv.</strong></span> <span class='ocrx_word' id='word_1_327' title='bbox 947 2121 973 2182; x_wconf 94' lang='lat' dir='ltr'><strong>l,</strong></span> <span class='ocrx_word' id='word_1_328' title='bbox 992 2115 1030 2176; x_wconf 74' lang='lat' dir='ltr'><strong>d.)</strong></span> <span class='ocrx_word' id='word_1_329' title='bbox 1048 2111 1145 2168; x_wconf 80' lang='lat' dir='ltr'><strong>babitu</strong></span> <span class='ocrx_word' id='word_1_330' title='bbox 1161 2129 1259 2182; x_wconf 78' lang='lat' dir='ltr'><strong>prooe-</strong></span> 
     </span>
     <span class='ocr_line' id='line_1_27' title="bbox 41 2187 1258 2264; baseline -0.004 -19"><span class='ocrx_word' id='word_1_331' title='bbox 41 2208 92 2245; x_wconf 82' lang='lat' dir='ltr'><strong>rue</strong></span> <span class='ocrx_word' id='word_1_332' title='bbox 110 2197 140 2244; x_wconf 88' lang='lat' dir='ltr'><strong>et</strong></span> <span class='ocrx_word' id='word_1_333' title='bbox 158 2197 238 2244; x_wconf 83' lang='lat' dir='ltr'><strong>toruo</strong></span> <span class='ocrx_word' id='word_1_334' title='bbox 255 2191 332 2244; x_wconf 76' lang='lat' dir='ltr'><strong>uulua</strong></span> <span class='ocrx_word' id='word_1_335' title='bbox 351 2197 426 2257; x_wconf 82' lang='lat' dir='ltr'><strong>erut,</strong></span> <span class='ocrx_word' id='word_1_336' title='bbox 445 2199 478 2244; x_wconf 91' lang='lat' dir='ltr'><strong>ut</strong></span> <span class='ocrx_word' id='word_1_337' title='bbox 496 2190 528 2244; x_wconf 83' lang='lat' dir='ltr'><strong>G.</strong></span> <span class='ocrx_word' id='word_1_338' title='bbox 549 2189 664 2244; x_wconf 77' lang='lat' dir='ltr'><strong>Caesar.¹</strong></span> <span class='ocrx_word' id='word_1_339' title='bbox 679 2207 710 2244; x_wconf 81' lang='lat' dir='ltr'><strong>v.</strong></span> <span class='ocrx_word' id='word_1_340' title='bbox 729 2187 808 2243; x_wconf 84' lang='lat' dir='ltr'><strong>Suet.</strong></span> <span class='ocrx_word' id='word_1_341' title='bbox 828 2187 922 2264; x_wconf 82' lang='lat' dir='ltr'><strong>Galig.</strong></span> <span class='ocrx_word' id='word_1_342' title='bbox 949 2203 973 2240; x_wconf 87' lang='lat' dir='ltr'><strong>c.</strong></span> <span class='ocrx_word' id='word_1_343' title='bbox 993 2189 1036 2242; x_wconf 79' lang='lat' dir='ltr'><strong>bb.</strong></span> <span class='ocrx_word' id='word_1_344' title='bbox 1065 2193 1095 2240; x_wconf 90' lang='lat' dir='ltr'><strong>et</strong></span> <span class='ocrx_word' id='word_1_345' title='bbox 1119 2187 1192 2239; x_wconf 87' lang='lat' dir='ltr'><strong>Pliu.</strong></span> <span class='ocrx_word' id='word_1_346' title='bbox 1212 2189 1258 2254; x_wconf 68' lang='lat' dir='ltr'><strong>il,</strong></span> 
     </span>
     <span class='ocr_line' id='line_1_28' title="bbox 38 2256 1260 2334; baseline -0.009 -14"><span class='ocrx_word' id='word_1_347' title='bbox 38 2268 85 2320; x_wconf 86' lang='grc'><strong>37.</strong></span> <span class='ocrx_word' id='word_1_348' title='bbox 106 2282 128 2316; x_wconf 83' lang='lat' dir='ltr'><strong>a·</strong></span> <span class='ocrx_word' id='word_1_349' title='bbox 147 2265 191 2318; x_wconf 80' lang='lat' dir='ltr'><strong>tt.</strong></span> <span class='ocrx_word' id='word_1_350' title='bbox 214 2263 291 2328; x_wconf 75' lang='lat' dir='ltr'><strong>forle</strong></span> <span class='ocrx_word' id='word_1_351' title='bbox 309 2263 428 2332; x_wconf 77' lang='lat' dir='ltr'><strong>quodam</strong></span> <span class='ocrx_word' id='word_1_352' title='bbox 452 2260 510 2316; x_wconf 91' lang='lat' dir='ltr'><strong>MS.</strong></span> <span class='ocrx_word' id='word_1_353' title='bbox 529 2261 599 2334; x_wconf 79' lang='lat' dir='ltr'><strong>Agr.</strong></span> <span class='ocrx_word' id='word_1_354' title='bbox 629 2259 673 2316; x_wconf 90' lang='lat' dir='ltr'><strong>ed.</strong></span> <span class='ocrx_word' id='word_1_355' title='bbox 693 2259 771 2330; x_wconf 84' lang='lat' dir='ltr'><strong>Sp&#39;ir.</strong></span> <span class='ocrx_word' id='word_1_356' title='bbox 806 2267 884 2313; x_wconf 79' lang='lat' dir='ltr'><strong>rorte</strong></span> <span class='ocrx_word' id='word_1_357' title='bbox 910 2259 1025 2329; x_wconf 74' lang='lat' dir='ltr'><strong>quadan</strong></span> <span class='ocrx_word' id='word_1_358' title='bbox 1048 2256 1105 2312; x_wconf 91' lang='lat' dir='ltr'><strong>MS.</strong></span> <span class='ocrx_word' id='word_1_359' title='bbox 1130 2257 1201 2320; x_wconf 82' lang='lat' dir='ltr'><strong>Bud.</strong></span> <span class='ocrx_word' id='word_1_360' title='bbox 1225 2265 1260 2310; x_wconf 90' lang='lat' dir='ltr'><strong>ut</strong></span> 
     </span>
     <span class='ocr_line' id='line_1_29' title="bbox 39 2327 1290 2405; baseline -0.006 -17"><span class='ocrx_word' id='word_1_361' title='bbox 39 2353 85 2405; x_wconf 86' lang='lat' dir='ltr'><strong>ap.</strong></span> <span class='ocrx_word' id='word_1_362' title='bbox 105 2335 171 2389; x_wconf 74' lang='lat' dir='ltr'><strong>liv.</strong></span> <span class='ocrx_word' id='word_1_363' title='bbox 189 2335 235 2398; x_wconf 76' lang='lat'><strong>³6,</strong></span> <span class='ocrx_word' id='word_1_364' title='bbox 252 2335 297 2390; x_wconf 76' lang='lat'><strong>35.</strong></span> <span class='ocrx_word' id='word_1_365' title='bbox 318 2361 352 2372; x_wconf 90' lang='lat'><em>—</em></span> <span class='ocrx_word' id='word_1_366' title='bbox 372 2340 530 2388; x_wconf 80' lang='lat' dir='ltr'><strong>scortorum</strong></span> <span class='ocrx_word' id='word_1_367' title='bbox 547 2347 684 2402; x_wconf 83' lang='lat' dir='ltr'><strong>quoque</strong></span> <span class='ocrx_word' id='word_1_368' title='bbox 703 2331 818 2402; x_wconf 82' lang='lat' dir='ltr'><strong>cupiens</strong></span> <span class='ocrx_word' id='word_1_369' title='bbox 836 2330 945 2386; x_wconf 83' lang='lat' dir='ltr'><strong>etiam</strong></span> <span class='ocrx_word' id='word_1_370' title='bbox 961 2329 1051 2382; x_wconf 84' lang='lat' dir='ltr'><strong>matri</strong></span> <span class='ocrx_word' id='word_1_371' title='bbox 1069 2329 1131 2382; x_wconf 76' lang='lat' dir='ltr'><strong>eius</strong></span> <span class='ocrx_word' id='word_1_372' title='bbox 1155 2327 1258 2392; x_wconf 78' lang='lat' dir='ltr'><strong>illusit,</strong></span> <span class='ocrx_word' id='word_1_373' title='bbox 1283 2348 1290 2362; x_wconf 71' lang='lat'><strong><em>¹</em></strong></span> 
     </span>
    </p>
   </div>
   <div class='ocr_carea' id='block_1_3' title="bbox 39 2397 1260 2544">
    <p class='ocr_par' dir='ltr' id='par_1_3' title="bbox 39 2397 1260 2544">
     <span class='ocr_line' id='line_1_30' title="bbox 39 2397 1260 2534; baseline -0.004 -76"><span class='ocrx_word' id='word_1_374' title='bbox 39 2425 76 2534; x_wconf 65' lang='grc' dir='ltr'><strong>ἶ3</strong></span> <span class='ocrx_word' id='word_1_375' title='bbox 94 2405 140 2534; x_wconf 50' lang='grc' dir='ltr'><strong>ιῧ</strong></span> <span class='ocrx_word' id='word_1_376' title='bbox 156 2406 245 2532; x_wconf 44' lang='lat' dir='ltr'><strong>ciffi·</strong></span> <span class='ocrx_word' id='word_1_377' title='bbox 268 2423 297 2458; x_wconf 84' lang='lat' dir='ltr'><strong>n.</strong></span> <span class='ocrx_word' id='word_1_378' title='bbox 317 2409 343 2463; x_wconf 92' lang='lat' dir='ltr'><strong>l.</strong></span> <span class='ocrx_word' id='word_1_379' title='bbox 374 2406 463 2460; x_wconf 79' lang='lat' dir='ltr'><strong>etiam</strong></span> <span class='ocrx_word' id='word_1_380' title='bbox 488 2406 570 2460; x_wconf 83' lang='lat' dir='ltr'><strong>deest</strong></span> <span class='ocrx_word' id='word_1_381' title='bbox 592 2404 626 2458; x_wconf 87' lang='lat' dir='ltr'><strong>in</strong></span> <span class='ocrx_word' id='word_1_382' title='bbox 643 2401 703 2462; x_wconf 86' lang='lat' dir='ltr'><strong>MS.</strong></span> <span class='ocrx_word' id='word_1_383' title='bbox 730 2401 814 2458; x_wconf 87' lang='lat' dir='ltr'><strong>Gorb.</strong></span> <span class='ocrx_word' id='word_1_384' title='bbox 839 2402 930 2458; x_wconf 85' lang='lat' dir='ltr'><strong>matri</strong></span> <span class='ocrx_word' id='word_1_385' title='bbox 953 2401 1016 2456; x_wconf 81' lang='lat' dir='ltr'><strong>eino</strong></span> <span class='ocrx_word' id='word_1_386' title='bbox 1039 2400 1142 2468; x_wconf 75' lang='lat' dir='ltr'><strong>illusit,</strong></span> <span class='ocrx_word' id='word_1_387' title='bbox 1169 2418 1198 2456; x_wconf 81' lang='lat' dir='ltr'><strong>v.</strong></span> <span class='ocrx_word' id='word_1_388' title='bbox 1222 2397 1260 2453; x_wconf 87' lang='lat' dir='ltr'><strong>ad</strong></span> 
     </span>
     <span class='ocr_line' id='line_1_31' title="bbox 76 2504 707 2544; baseline -0.005 0"><span class='ocrx_word' id='word_1_389' title='bbox 76 2513 86 2544; x_wconf 77' lang='lat' dir='ltr'><strong>t</strong></span> <span class='ocrx_word' id='word_1_390' title='bbox 141 2513 152 2544; x_wconf 75' lang='grc'><strong>7</strong></span> <span class='ocrx_word' id='word_1_391' title='bbox 188 2513 197 2532; x_wconf 81' lang='lat'><em>⁰</em></span> <span class='ocrx_word' id='word_1_392' title='bbox 704 2504 707 2513; x_wconf 73' lang='grc'><em>’</em></span> 
     </span>
    </p>
   </div>
   <div class='ocr_carea' id='block_1_4' title="bbox 382 2581 940 2678">
    <p class='ocr_par' dir='ltr' id='par_1_4' title="bbox 382 2581 940 2678">
     <span class='ocr_line' id='line_1_32' title="bbox 382 2581 940 2678; baseline -0.011 0"><span class='ocrx_word' id='word_1_393' title='bbox 382 2651 388 2664; x_wconf 57' lang='lat'><em>2</em></span> <span class='ocrx_word' id='word_1_394' title='bbox 444 2621 637 2678; x_wconf 77' lang='lat' dir='ltr'><strong>csrur</strong></span> <span class='ocrx_word' id='word_1_395' title='bbox 686 2619 854 2677; x_wconf 71' lang='lat' dir='ltr'><strong>uxum.</strong></span> <span class='ocrx_word' id='word_1_396' title='bbox 934 2581 940 2600; x_wconf 82' lang='lat'>&#39;</span> 
     </span>
    </p>
   </div>
   <div class='ocr_carea' id='block_1_5' title="bbox 40 2721 1331 4265">
    <p class='ocr_par' dir='ltr' id='par_1_5' title="bbox 40 2721 1262 3874">
     <span class='ocr_line' id='line_1_33' title="bbox 121 2721 1260 2810; baseline -0.006 -16"><span class='ocrx_word' id='word_1_397' title='bbox 121 2729 188 2794; x_wconf 89' lang='lat' dir='ltr'><strong>Sed</strong></span> <span class='ocrx_word' id='word_1_398' title='bbox 208 2729 313 2810; x_wconf 87' lang='lat' dir='ltr'><strong>Nero,</strong></span> <span class='ocrx_word' id='word_1_399' title='bbox 334 2737 453 2793; x_wconf 86' lang='lat' dir='ltr'><strong>vocato</strong></span> <span class='ocrx_word' id='word_1_400' title='bbox 474 2741 604 2805; x_wconf 89' lang='lat' dir='ltr'><strong>senatu,</strong></span> <span class='ocrx_word' id='word_1_401' title='bbox 626 2732 778 2796; x_wconf 87' lang='lat' dir='ltr'><strong>oratione</strong></span> <span class='ocrx_word' id='word_1_402' title='bbox 799 2730 889 2792; x_wconf 88' lang='lat' dir='ltr'><strong>inter</strong></span> <span class='ocrx_word' id='word_1_403' title='bbox 909 2727 1023 2790; x_wconf 80' lang='lat' dir='ltr'><strong>Patres</strong></span> <span class='ocrx_word' id='word_1_404' title='bbox 1045 2721 1168 2804; x_wconf 87' lang='lat' dir='ltr'><strong>habita,</strong></span> <span class='ocrx_word' id='word_1_405' title='bbox 1190 2721 1260 2787; x_wconf 87' lang='lat' dir='ltr'><strong>edi·</strong></span> 
     </span>
     <span class='ocr_line' id='line_1_34' title="bbox 41 2811 1259 2897; baseline -0.004 -20"><span class='ocrx_word' id='word_1_406' title='bbox 41 2824 132 2878; x_wconf 87' lang='lat' dir='ltr'><strong>ctum</strong></span> <span class='ocrx_word' id='word_1_407' title='bbox 153 2813 249 2897; x_wconf 88' lang='lat' dir='ltr'><strong>apud·</strong></span> <span class='ocrx_word' id='word_1_408' title='bbox 264 2815 424 2896; x_wconf 89' lang='lat' dir='ltr'><strong>populum</strong></span> <span class='ocrx_word' id='word_1_409' title='bbox 446 2815 622 2892; x_wconf 20' lang='lat' dir='ltr'><strong>etkcolleta</strong></span> <span class='ocrx_word' id='word_1_410' title='bbox 642 2817 678 2876; x_wconf 90' lang='lat' dir='ltr'><strong>in</strong></span> <span class='ocrx_word' id='word_1_411' title='bbox 698 2814 804 2875; x_wconf 90' lang='lat' dir='ltr'><strong>libros</strong></span> <span class='ocrx_word' id='word_1_412' title='bbox 825 2811 951 2874; x_wconf 89' lang='lat' dir='ltr'><strong>indicia</strong></span> <span class='ocrx_word' id='word_1_413' title='bbox 972 2811 1259 2890; x_wconf 78' lang='lat' dir='ltr'><strong>confessionesque</strong></span> 
     </span>
     <span class='ocr_line' id='line_1_35' title="bbox 40 2891 1259 2980; baseline -0.005 -20"><span class='ocrx_word' id='word_1_414' title='bbox 40 2897 274 2960; x_wconf 87' lang='lat' dir='ltr'><strong>damnatorum</strong></span> <span class='ocrx_word' id='word_1_415' title='bbox 295 2897 455 2958; x_wconf 87' lang='lat' dir='ltr'><strong>adiunxit.</strong></span> <span class='ocrx_word' id='word_1_416' title='bbox 498 2898 630 2959; x_wconf 83' lang='lat' dir='ltr'><strong>Etenim</strong></span> <span class='ocrx_word' id='word_1_417' title='bbox 658 2897 777 2960; x_wconf 88' lang='lat' dir='ltr'><strong>crebro</strong></span> <span class='ocrx_word' id='word_1_418' title='bbox 806 2897 899 2980; x_wconf 77' lang='lat' dir='ltr'><strong>vulgi</strong></span> <span class='ocrx_word' id='word_1_419' title='bbox 928 2912 1065 2956; x_wconf 89' lang='lat' dir='ltr'><strong>rumore</strong></span> <span class='ocrx_word' id='word_1_420' title='bbox 1092 2891 1259 2954; x_wconf 85' lang='lat' dir='ltr'><strong>laceraba-</strong></span> 
     </span>
     <span class='ocr_line' id='line_1_36' title="bbox 40 2973 1259 3124; baseline -0.007 -84"><span class='ocrx_word' id='word_1_421' title='bbox 40 2989 111 3060; x_wconf 89' lang='lat' dir='ltr'><strong>tur,</strong></span> <span class='ocrx_word' id='word_1_422' title='bbox 132 2990 290 3124; x_wconf 39' lang='lat' dir='ltr'><strong>tanzuam</strong></span> <span class='ocrx_word' id='word_1_423' title='bbox 311 2981 403 3041; x_wconf 83' lang='lat' dir='ltr'><strong>viros</strong></span> <span class='ocrx_word' id='word_1_424' title='bbox 426 2989 459 3042; x_wconf 88' lang='lat' dir='ltr'><strong>et</strong></span> <span class='ocrx_word' id='word_1_425' title='bbox 478 2980 626 3043; x_wconf 84' lang='lat' dir='ltr'><strong>insontes</strong></span> <span class='ocrx_word' id='word_1_426' title='bbox 649 2980 691 3043; x_wconf 92' lang='lat' dir='ltr'><strong>ob</strong></span> <span class='ocrx_word' id='word_1_427' title='bbox 713 2977 876 3042; x_wconf 81' lang='lat' dir='ltr'><strong>invidiam</strong></span> <span class='ocrx_word' id='word_1_428' title='bbox 897 2986 955 3039; x_wconf 90' lang='lat' dir='ltr'><strong>aut</strong></span> <span class='ocrx_word' id='word_1_429' title='bbox 982 2986 1107 3039; x_wconf 88' lang='lat' dir='ltr'><strong>metum</strong></span> <span class='ocrx_word' id='word_1_430' title='bbox 1136 2973 1259 3035; x_wconf 84' lang='lat' dir='ltr'><strong>exstin-</strong></span> 
     </span>
     <span class='ocr_line' id='line_1_37' title="bbox 41 3057 1259 3146; baseline -0.007 -22"><span class='ocrx_word' id='word_1_431' title='bbox 41 3066 151 3126; x_wconf 80' lang='lat' dir='ltr'><strong>xisset</strong></span> <span class='ocrx_word' id='word_1_432' title='bbox 222 3073 352 3124; x_wconf 84' lang='lat' dir='ltr'><strong>aterum</strong></span> <span class='ocrx_word' id='word_1_433' title='bbox 381 3073 530 3144; x_wconf 88' lang='lat' dir='ltr'><strong>coeptam</strong></span> <span class='ocrx_word' id='word_1_434' title='bbox 559 3063 770 3146; x_wconf 85' lang='lat' dir='ltr'><strong>adultamque</strong></span> <span class='ocrx_word' id='word_1_435' title='bbox 804 3069 838 3124; x_wconf 87' lang='lat' dir='ltr'><strong>et</strong></span> <span class='ocrx_word' id='word_1_436' title='bbox 865 3063 1027 3125; x_wconf 83' lang='lat' dir='ltr'><strong>revictam</strong></span> <span class='ocrx_word' id='word_1_437' title='bbox 1055 3057 1259 3120; x_wconf 87' lang='lat' dir='ltr'><strong>coniuratio-</strong></span> 
     </span>
     <span class='ocr_line' id='line_1_38' title="bbox 41 3141 1259 3229; baseline -0.006 -23"><span class='ocrx_word' id='word_1_438' title='bbox 41 3167 115 3209; x_wconf 87' lang='lat' dir='ltr'><strong>nem</strong></span> <span class='ocrx_word' id='word_1_439' title='bbox 141 3165 248 3228; x_wconf 88' lang='lat' dir='ltr'><strong>neque</strong></span> <span class='ocrx_word' id='word_1_440' title='bbox 269 3154 350 3206; x_wconf 89' lang='lat' dir='ltr'><strong>tunc</strong></span> <span class='ocrx_word' id='word_1_441' title='bbox 371 3143 578 3223; x_wconf 82' lang='lat' dir='ltr'><strong>dubitavere,</strong></span> <span class='ocrx_word' id='word_1_442' title='bbox 606 3146 725 3229; x_wconf 89' lang='lat' dir='ltr'><strong>quibus</strong></span> <span class='ocrx_word' id='word_1_443' title='bbox 746 3165 865 3207; x_wconf 85' lang='lat' dir='ltr'><strong>verum</strong></span> <span class='ocrx_word' id='word_1_444' title='bbox 894 3141 1052 3205; x_wconf 87' lang='lat' dir='ltr'><strong>noscendi</strong></span> <span class='ocrx_word' id='word_1_445' title='bbox 1074 3159 1156 3203; x_wconf 91' lang='lat' dir='ltr'><strong>cura</strong></span> <span class='ocrx_word' id='word_1_446' title='bbox 1177 3145 1259 3212; x_wconf 87' lang='lat' dir='ltr'><strong>erat,</strong></span> 
     </span>
     <span class='ocr_line' id='line_1_39' title="bbox 41 3225 1258 3311; baseline -0.004 -20"><span class='ocrx_word' id='word_1_447' title='bbox 41 3237 77 3291; x_wconf 86' lang='lat' dir='ltr'><strong>et</strong></span> <span class='ocrx_word' id='word_1_448' title='bbox 95 3233 255 3306; x_wconf 85' lang='lat' dir='ltr'><strong>latentur,</strong></span> <span class='ocrx_word' id='word_1_449' title='bbox 277 3230 333 3311; x_wconf 89' lang='lat' dir='ltr'><strong>qui</strong></span> <span class='ocrx_word' id='word_1_450' title='bbox 354 3236 430 3309; x_wconf 88' lang='lat' dir='ltr'><strong>post</strong></span> <span class='ocrx_word' id='word_1_451' title='bbox 449 3229 625 3292; x_wconf 87' lang='lat' dir='ltr'><strong>interitum</strong></span> <span class='ocrx_word' id='word_1_452' title='bbox 646 3229 791 3291; x_wconf 80' lang='lat' dir='ltr'><strong>Neronis</strong></span> <span class='ocrx_word' id='word_1_453' title='bbox 813 3231 849 3289; x_wconf 91' lang='lat' dir='ltr'><strong>iu</strong></span> <span class='ocrx_word' id='word_1_454' title='bbox 867 3225 987 3289; x_wconf 85' lang='lat' dir='ltr'><strong>Urbem</strong></span> <span class='ocrx_word' id='word_1_455' title='bbox 1008 3225 1156 3310; x_wconf 79' lang='lat' dir='ltr'><strong>regressi</strong></span> <span class='ocrx_word' id='word_1_456' title='bbox 1171 3230 1258 3286; x_wconf 88' lang='lat' dir='ltr'><strong>sunt.</strong></span> 
     </span>
     <span class='ocr_line' id='line_1_40' title="bbox 41 3305 1260 3396; baseline -0.005 -24"><span class='ocrx_word' id='word_1_457' title='bbox 41 3313 88 3372; x_wconf 85' lang='lat' dir='ltr'><strong>At</strong></span> <span class='ocrx_word' id='word_1_458' title='bbox 107 3315 143 3373; x_wconf 92' lang='lat' dir='ltr'><strong>in</strong></span> <span class='ocrx_word' id='word_1_459' title='bbox 165 3320 284 3376; x_wconf 87' lang='lat' dir='ltr'><strong>senatu</strong></span> <span class='ocrx_word' id='word_1_460' title='bbox 305 3312 444 3388; x_wconf 89' lang='lat' dir='ltr'><strong>cunctis,</strong></span> <span class='ocrx_word' id='word_1_461' title='bbox 466 3321 506 3374; x_wconf 88' lang='lat' dir='ltr'><strong>ut</strong></span> <span class='ocrx_word' id='word_1_462' title='bbox 526 3316 646 3396; x_wconf 86' lang='lat' dir='ltr'><strong>cuique</strong></span> <span class='ocrx_word' id='word_1_463' title='bbox 667 3310 851 3396; x_wconf 89' lang='lat' dir='ltr'><strong>plurimum</strong></span> <span class='ocrx_word' id='word_1_464' title='bbox 876 3310 1051 3387; x_wconf 86' lang='lat' dir='ltr'><strong>maeroris,</strong></span> <span class='ocrx_word' id='word_1_465' title='bbox 1083 3309 1117 3370; x_wconf 92' lang='lat' dir='ltr'><strong>in</strong></span> <span class='ocrx_word' id='word_1_466' title='bbox 1146 3305 1260 3369; x_wconf 86' lang='lat' dir='ltr'><strong>adula-</strong></span> 
     </span>
     <span class='ocr_line' id='line_1_41' title="bbox 41 3391 1260 3475; baseline -0.003 -21"><span class='ocrx_word' id='word_1_467' title='bbox 41 3397 166 3458; x_wconf 89' lang='lat' dir='ltr'><strong>tionem</strong></span> <span class='ocrx_word' id='word_1_468' title='bbox 188 3393 350 3475; x_wconf 86' lang='lat' dir='ltr'><strong>demissis‚</strong></span> <span class='ocrx_word' id='word_1_469' title='bbox 372 3395 506 3456; x_wconf 89' lang='lat' dir='ltr'><strong>Iunium</strong></span> <span class='ocrx_word' id='word_1_470' title='bbox 528 3394 713 3458; x_wconf 87' lang='lat' dir='ltr'><strong>Gallionem</strong></span> <span class='ocrx_word' id='word_1_471' title='bbox 735 3393 878 3456; x_wconf 82' lang='lat' dir='ltr'><strong>Senecae</strong></span> <span class='ocrx_word' id='word_1_472' title='bbox 899 3392 1014 3454; x_wconf 80' lang='lat' dir='ltr'><strong>fratris</strong></span> <span class='ocrx_word' id='word_1_473' title='bbox 1035 3401 1144 3454; x_wconf 88' lang='lat' dir='ltr'><strong>morte</strong></span> <span class='ocrx_word' id='word_1_474' title='bbox 1166 3391 1260 3472; x_wconf 87' lang='lat' dir='ltr'><strong>pavi-</strong></span> 
     </span>
     <span class='ocr_line' id='line_1_42' title="bbox 42 3471 1260 3561; baseline -0.004 -23"><span class='ocrx_word' id='word_1_475' title='bbox 42 3475 121 3538; x_wconf 89' lang='lat' dir='ltr'><strong>dum</strong></span> <span class='ocrx_word' id='word_1_476' title='bbox 144 3485 177 3540; x_wconf 90' lang='lat' dir='ltr'><strong>et</strong></span> <span class='ocrx_word' id='word_1_477' title='bbox 197 3497 260 3560; x_wconf 90' lang='lat' dir='ltr'><strong>pro</strong></span> <span class='ocrx_word' id='word_1_478' title='bbox 282 3497 340 3540; x_wconf 86' lang='lat' dir='ltr'><strong>sua</strong></span> <span class='ocrx_word' id='word_1_479' title='bbox 360 3478 590 3543; x_wconf 88' lang='lat' dir='ltr'><strong>incolumitate</strong></span> <span class='ocrx_word' id='word_1_480' title='bbox 611 3477 796 3561; x_wconf 77' lang='lat' dir='ltr'><strong>supplicem</strong></span> <span class='ocrx_word' id='word_1_481' title='bbox 822 3477 991 3559; x_wconf 88' lang='lat' dir='ltr'><strong>increpuit</strong></span> <span class='ocrx_word' id='word_1_482' title='bbox 1012 3471 1166 3536; x_wconf 86' lang='lat' dir='ltr'><strong>Salienus</strong></span> <span class='ocrx_word' id='word_1_483' title='bbox 1188 3471 1260 3535; x_wconf 85' lang='lat' dir='ltr'><strong>Gle-</strong></span> 
     </span>
     <span class='ocr_line' id='line_1_43' title="bbox 41 3553 1261 3642; baseline -0.003 -22"><span class='ocrx_word' id='word_1_484' title='bbox 41 3581 134 3623; x_wconf 88' lang='lat' dir='ltr'><strong>mens</strong></span> <span class='ocrx_word' id='word_1_485' title='bbox 154 3559 273 3622; x_wconf 81' lang='lat' dir='ltr'><strong>bostem</strong></span> <span class='ocrx_word' id='word_1_486' title='bbox 294 3570 326 3642; x_wconf 79' lang='lat' dir='ltr'><strong>et</strong></span> <span class='ocrx_word' id='word_1_487' title='bbox 344 3559 540 3639; x_wconf 75' lang='lat' dir='ltr'><strong>parricidam</strong></span> <span class='ocrx_word' id='word_1_488' title='bbox 561 3579 694 3639; x_wconf 84' lang='lat' dir='ltr'><strong>vocans,</strong></span> <span class='ocrx_word' id='word_1_489' title='bbox 728 3558 835 3623; x_wconf 87' lang='lat' dir='ltr'><strong>donec</strong></span> <span class='ocrx_word' id='word_1_490' title='bbox 862 3578 1023 3622; x_wconf 83' lang='lat' dir='ltr'><strong>consensu</strong></span> <span class='ocrx_word' id='word_1_491' title='bbox 1044 3557 1182 3622; x_wconf 82' lang='lat' dir='ltr'><strong>Petrum</strong></span> <span class='ocrx_word' id='word_1_492' title='bbox 1204 3553 1261 3616; x_wconf 88' lang='lat' dir='ltr'><strong>de-</strong></span> 
     </span>
     <span class='ocr_line' id='line_1_44' title="bbox 40 3637 1262 3725; baseline -0.002 -22"><span class='ocrx_word' id='word_1_493' title='bbox 40 3647 181 3705; x_wconf 79' lang='lat' dir='ltr'><strong>territus</strong></span> <span class='ocrx_word' id='word_1_494' title='bbox 204 3651 265 3715; x_wconf 89' lang='lat' dir='ltr'><strong>est,</strong></span> <span class='ocrx_word' id='word_1_495' title='bbox 287 3642 491 3725; x_wconf 82' lang='lat' dir='ltr'><strong>republicis</strong></span> <span class='ocrx_word' id='word_1_496' title='bbox 513 3645 607 3705; x_wconf 87' lang='lat' dir='ltr'><strong>malis</strong></span> <span class='ocrx_word' id='word_1_497' title='bbox 629 3645 722 3706; x_wconf 88' lang='lat' dir='ltr'><strong>abuti</strong></span> <span class='ocrx_word' id='word_1_498' title='bbox 743 3641 786 3703; x_wconf 90' lang='lat' dir='ltr'><strong>ad</strong></span> <span class='ocrx_word' id='word_1_499' title='bbox 807 3645 1013 3705; x_wconf 90' lang='lat' dir='ltr'><strong>occasionem</strong></span> <span class='ocrx_word' id='word_1_500' title='bbox 1042 3641 1169 3722; x_wconf 85' lang='lat' dir='ltr'><strong>privati</strong></span> <span class='ocrx_word' id='word_1_501' title='bbox 1190 3637 1262 3702; x_wconf 87' lang='lat' dir='ltr'><strong>odii</strong></span> 
     </span>
     <span class='ocr_line' id='line_1_45' title="bbox 40 3723 1261 3808; baseline -0.002 -22"><span class='ocrx_word' id='word_1_502' title='bbox 40 3725 218 3788; x_wconf 74' lang='lat' dir='ltr'><strong>videretur</strong></span> <span class='ocrx_word' id='word_1_503' title='bbox 247 3745 314 3788; x_wconf 88' lang='lat' dir='ltr'><strong>neu</strong></span> <span class='ocrx_word' id='word_1_504' title='bbox 343 3727 527 3808; x_wconf 83' lang='lat' dir='ltr'><strong>composita</strong></span> <span class='ocrx_word' id='word_1_505' title='bbox 553 3733 588 3787; x_wconf 86' lang='lat' dir='ltr'><strong>et</strong></span> <span class='ocrx_word' id='word_1_506' title='bbox 615 3728 795 3789; x_wconf 86' lang='lat' dir='ltr'><strong>obliterata</strong></span> <span class='ocrx_word' id='word_1_507' title='bbox 823 3724 1075 3790; x_wconf 88' lang='lat' dir='ltr'><strong>mansuetudine</strong></span> <span class='ocrx_word' id='word_1_508' title='bbox 1096 3723 1261 3806; x_wconf 83' lang='lat' dir='ltr'><strong>Principis</strong></span> 
     </span>
     <span class='ocr_line' id='line_1_46' title="bbox 43 3807 639 3874; baseline 0.008 -5"><span class='ocrx_word' id='word_1_509' title='bbox 43 3828 162 3871; x_wconf 86' lang='lat' dir='ltr'><strong>novam</strong></span> <span class='ocrx_word' id='word_1_510' title='bbox 183 3807 225 3871; x_wconf 88' lang='lat' dir='ltr'><strong>ad</strong></span> <span class='ocrx_word' id='word_1_511' title='bbox 246 3809 418 3872; x_wconf 83' lang='lat' dir='ltr'><strong>saevitiam</strong></span> <span class='ocrx_word' id='word_1_512' title='bbox 440 3807 639 3874; x_wconf 85' lang='lat' dir='ltr'><strong>retraheret.</strong></span> 
     </span>
    </p>

    <p class='ocr_par' dir='ltr' id='par_1_6' title="bbox 43 3907 1331 4265">
     <span class='ocr_line' id='line_1_47' title="bbox 112 3907 1264 3980; baseline -0.004 -15"><span class='ocrx_word' id='word_1_513' title='bbox 112 3915 137 3965; x_wconf 93' lang='lat' dir='ltr'><strong>l.</strong></span> <span class='ocrx_word' id='word_1_514' title='bbox 155 3917 252 3962; x_wconf 74' lang='lat' dir='ltr'><strong>vocam</strong></span> <span class='ocrx_word' id='word_1_515' title='bbox 269 3917 382 3964; x_wconf 81' lang='lat' dir='ltr'><strong>senatu:</strong></span> <span class='ocrx_word' id='word_1_516' title='bbox 402 3909 517 3976; x_wconf 78' lang='lat' dir='ltr'><strong>„rerba</strong></span> <span class='ocrx_word' id='word_1_517' title='bbox 534 3908 608 3962; x_wconf 84' lang='lat' dir='ltr'><strong>mihi</strong></span> <span class='ocrx_word' id='word_1_518' title='bbox 628 3917 771 3980; x_wconf 83' lang='lat' dir='ltr'><strong>suspecta,</strong></span> <span class='ocrx_word' id='word_1_519' title='bbox 791 3908 860 3980; x_wconf 77' lang='lat' dir='ltr'><strong>quia</strong></span> <span class='ocrx_word' id='word_1_520' title='bbox 877 3909 937 3964; x_wconf 87' lang='lat' dir='ltr'><strong>iam</strong></span> <span class='ocrx_word' id='word_1_521' title='bbox 962 3925 987 3966; x_wconf 90' lang='lat' dir='ltr'><strong>c.</strong></span> <span class='ocrx_word' id='word_1_522' title='bbox 1006 3909 1051 3965; x_wconf 88' lang='grc'><strong>72.</strong></span> <span class='ocrx_word' id='word_1_523' title='bbox 1079 3907 1192 3962; x_wconf 89' lang='lat' dir='ltr'><strong>dictum</strong></span> <span class='ocrx_word' id='word_1_524' title='bbox 1215 3921 1264 3960; x_wconf 89' lang='lat' dir='ltr'><strong>oo·</strong></span> 
     </span>
     <span class='ocr_line' id='line_1_48' title="bbox 44 3979 1261 4051; baseline 0.001 -21"><span class='ocrx_word' id='word_1_525' title='bbox 44 3986 87 4031; x_wconf 84' lang='lat' dir='ltr'><strong>rot</strong></span> <span class='ocrx_word' id='word_1_526' title='bbox 105 3987 238 4034; x_wconf 75' lang='lat' dir='ltr'><strong>emotum</strong></span> <span class='ocrx_word' id='word_1_527' title='bbox 276 3979 308 4036; x_wconf 86' lang='lat' dir='ltr'><strong>Si</strong></span> <span class='ocrx_word' id='word_1_528' title='bbox 327 3981 362 4034; x_wconf 89' lang='lat' dir='ltr'><strong>de</strong></span> <span class='ocrx_word' id='word_1_529' title='bbox 380 3980 438 4034; x_wconf 85' lang='lat' dir='ltr'><strong>alio</strong></span> <span class='ocrx_word' id='word_1_530' title='bbox 458 3989 605 4035; x_wconf 86' lang='lat' dir='ltr'><strong>conventu</strong></span> <span class='ocrx_word' id='word_1_531' title='bbox 623 3989 738 4034; x_wconf 80' lang='lat' dir='ltr'><strong>senattts</strong></span> <span class='ocrx_word' id='word_1_532' title='bbox 756 3979 808 4034; x_wconf 85' lang='lat' dir='ltr'><strong>bic</strong></span> <span class='ocrx_word' id='word_1_533' title='bbox 826 3998 932 4046; x_wconf 84' lang='lat' dir='ltr'><strong>sermo,</strong></span> <span class='ocrx_word' id='word_1_534' title='bbox 957 3980 1034 4051; x_wconf 84' lang='lat' dir='ltr'><strong>quod</strong></span> <span class='ocrx_word' id='word_1_535' title='bbox 1050 3996 1110 4034; x_wconf 90' lang='lat' dir='ltr'><strong>non</strong></span> <span class='ocrx_word' id='word_1_536' title='bbox 1127 3979 1261 4044; x_wconf 85' lang='lat' dir='ltr'><strong>abnuam,</strong></span> 
     </span>
     <span class='ocr_line' id='line_1_49' title="bbox 44 4051 1263 4128; baseline -0.002 -23"><span class='ocrx_word' id='word_1_537' title='bbox 44 4051 157 4128; x_wconf 74' lang='lat' dir='ltr'><strong>elegans</strong></span> <span class='ocrx_word' id='word_1_538' title='bbox 178 4053 305 4124; x_wconf 88' lang='lat' dir='ltr'><strong>scriptor</strong></span> <span class='ocrx_word' id='word_1_539' title='bbox 324 4052 429 4107; x_wconf 82' lang='lat' dir='ltr'><strong>saltem</strong></span> <span class='ocrx_word' id='word_1_540' title='bbox 447 4051 603 4107; x_wconf 85' lang='lat' dir='ltr'><strong>addidisset</strong></span> <span class='ocrx_word' id='word_1_541' title='bbox 622 4053 727 4105; x_wconf 83' lang='lat' dir='ltr'><strong>iterum</strong></span> <span class='ocrx_word' id='word_1_542' title='bbox 744 4059 793 4106; x_wconf 88' lang='lat' dir='ltr'><strong>aut</strong></span> <span class='ocrx_word' id='word_1_543' title='bbox 810 4052 890 4107; x_wconf 82' lang='lat' dir='ltr'><strong>aliud</strong></span> <span class='ocrx_word' id='word_1_544' title='bbox 915 4051 1015 4122; x_wconf 74' lang='lat' dir='ltr'><strong>quid„“</strong></span> <span class='ocrx_word' id='word_1_545' title='bbox 1037 4051 1107 4107; x_wconf 80' lang='lat' dir='ltr'><strong>Ero.</strong></span> <span class='ocrx_word' id='word_1_546' title='bbox 1145 4052 1263 4116; x_wconf 84' lang='lat' dir='ltr'><strong>„immo</strong></span> 
     </span>
     <span class='ocr_line' id='line_1_50' title="bbox 43 4117 1331 4200; baseline -0.002 -24"><span class='ocrx_word' id='word_1_547' title='bbox 43 4131 144 4176; x_wconf 82' lang='lat' dir='ltr'><strong>auctor</strong></span> <span class='ocrx_word' id='word_1_548' title='bbox 160 4121 233 4178; x_wconf 83' lang='lat' dir='ltr'><strong>haec</strong></span> <span class='ocrx_word' id='word_1_549' title='bbox 251 4124 339 4190; x_wconf 82' lang='lat' dir='ltr'><strong>addit,</strong></span> <span class='ocrx_word' id='word_1_550' title='bbox 367 4131 401 4176; x_wconf 90' lang='lat' dir='ltr'><strong>ut</strong></span> <span class='ocrx_word' id='word_1_551' title='bbox 419 4125 570 4193; x_wconf 85' lang='lat' dir='ltr'><strong>sequentia</strong></span> <span class='ocrx_word' id='word_1_552' title='bbox 587 4125 805 4200; x_wconf 73' lang='lat' dir='ltr'><strong>coniunguntur</strong></span> <span class='ocrx_word' id='word_1_553' title='bbox 821 4117 881 4178; x_wconf 81' lang='lat' dir='ltr'><strong>ndu</strong></span> <span class='ocrx_word' id='word_1_554' title='bbox 900 4141 966 4177; x_wconf 88' lang='lat' dir='ltr'><strong>cum</strong></span> <span class='ocrx_word' id='word_1_555' title='bbox 1013 4121 1125 4177; x_wconf 82' lang='lat' dir='ltr'><strong>roxime</strong></span> <span class='ocrx_word' id='word_1_556' title='bbox 1150 4129 1264 4176; x_wconf 83' lang='lat' dir='ltr'><strong>anteco-</strong></span> <span class='ocrx_word' id='word_1_557' title='bbox 1328 4125 1331 4133; x_wconf 89' lang='grc'><strong>“</strong></span> 
     </span>
     <span class='ocr_line' id='line_1_51' title="bbox 45 4139 1308 4265; baseline -0.002 -19"><span class='ocrx_word' id='word_1_558' title='bbox 45 4193 187 4260; x_wconf 86' lang='lat' dir='ltr'><strong>dentibus,</strong></span> <span class='ocrx_word' id='word_1_559' title='bbox 206 4195 256 4248; x_wconf 83' lang='lat' dir='ltr'><strong>ubi</strong></span> <span class='ocrx_word' id='word_1_560' title='bbox 274 4194 310 4250; x_wconf 90' lang='lat' dir='ltr'><strong>de</strong></span> <span class='ocrx_word' id='word_1_561' title='bbox 326 4193 510 4265; x_wconf 78' lang='lat' dir='ltr'><strong>Nymphidio</strong></span> <span class='ocrx_word' id='word_1_562' title='bbox 529 4194 680 4263; x_wconf 86' lang='lat' dir='ltr'><strong>disseruit,</strong></span> <span class='ocrx_word' id='word_1_563' title='bbox 699 4195 834 4250; x_wconf 78' lang='lat' dir='ltr'><strong>aeduum</strong></span> <span class='ocrx_word' id='word_1_564' title='bbox 852 4139 1060 4265; x_wconf 61' lang='lat' dir='ltr'><strong>superior-iius,</strong></span> <span class='ocrx_word' id='word_1_565' title='bbox 1083 4193 1132 4247; x_wconf 91' lang='lat' dir='ltr'><strong>ubi</strong></span> <span class='ocrx_word' id='word_1_566' title='bbox 1151 4193 1265 4246; x_wconf 85' lang='lat' dir='ltr'><strong>dixerat</strong></span> <span class='ocrx_word' id='word_1_567' title='bbox 1306 4239 1308 4244; x_wconf 80' lang='grc'><strong>,</strong></span> 
     </span>
    </p>
   </div>
   <div class='ocr_carea' id='block_1_6' title="bbox 46 4263 1265 4410">
    <p class='ocr_par' dir='ltr' id='par_1_7' title="bbox 46 4263 1265 4410">
     <span class='ocr_line' id='line_1_52' title="bbox 46 4263 1264 4347; baseline 0.001 -30"><span class='ocrx_word' id='word_1_568' title='bbox 46 4275 173 4347; x_wconf 69' lang='lat' dir='ltr'><strong>senatum</strong></span> <span class='ocrx_word' id='word_1_569' title='bbox 192 4283 208 4319; x_wconf 91' lang='lat' dir='ltr'><strong>a</strong></span> <span class='ocrx_word' id='word_1_570' title='bbox 225 4267 343 4320; x_wconf 86' lang='lat' dir='ltr'><strong>Nerone</strong></span> <span class='ocrx_word' id='word_1_571' title='bbox 361 4275 504 4323; x_wconf 83' lang='lat' dir='ltr'><strong>vocatum.</strong></span> <span class='ocrx_word' id='word_1_572' title='bbox 541 4265 658 4339; x_wconf 85' lang='lat' dir='ltr'><strong>Recipit</strong></span> <span class='ocrx_word' id='word_1_573' title='bbox 686 4283 757 4342; x_wconf 77' lang='lat' dir='ltr'><strong>ergo</strong></span> <span class='ocrx_word' id='word_1_574' title='bbox 781 4265 862 4322; x_wconf 84' lang='lat' dir='ltr'><strong>bisce</strong></span> <span class='ocrx_word' id='word_1_575' title='bbox 888 4264 986 4319; x_wconf 83' lang='lat' dir='ltr'><strong>verbis</strong></span> <span class='ocrx_word' id='word_1_576' title='bbox 1013 4263 1099 4318; x_wconf 86' lang='lat' dir='ltr'><strong>filum</strong></span> <span class='ocrx_word' id='word_1_577' title='bbox 1123 4263 1264 4318; x_wconf 83' lang='lat' dir='ltr'><strong>orationis</strong></span> 
     </span>
     <span class='ocr_line' id='line_1_53' title="bbox 46 4334 1265 4410; baseline 0.002 -24"><span class='ocrx_word' id='word_1_578' title='bbox 46 4339 219 4410; x_wconf 74' lang='lat' dir='ltr'><strong>interposita</strong></span> <span class='ocrx_word' id='word_1_579' title='bbox 236 4339 403 4394; x_wconf 74' lang='lat' dir='ltr'><strong>nmatione</strong></span> <span class='ocrx_word' id='word_1_580' title='bbox 422 4339 587 4410; x_wconf 84' lang='lat' dir='ltr'><strong>abruptum.</strong></span> <span class='ocrx_word' id='word_1_581' title='bbox 624 4337 725 4395; x_wconf 86' lang='lat' dir='ltr'><strong>Simili</strong></span> <span class='ocrx_word' id='word_1_582' title='bbox 742 4339 828 4396; x_wconf 86' lang='lat' dir='ltr'><strong>modo</strong></span> <span class='ocrx_word' id='word_1_583' title='bbox 846 4352 914 4392; x_wconf 81' lang='lat' dir='ltr'><strong>mox</strong></span> <span class='ocrx_word' id='word_1_584' title='bbox 937 4334 1041 4392; x_wconf 83' lang='lat' dir='ltr'><strong>scribit</strong></span> <span class='ocrx_word' id='word_1_585' title='bbox 1058 4343 1091 4390; x_wconf 86' lang='lat' dir='ltr'><strong>ot</strong></span> <span class='ocrx_word' id='word_1_586' title='bbox 1107 4335 1141 4390; x_wconf 81' lang='lat' dir='ltr'><strong>in</strong></span> <span class='ocrx_word' id='word_1_587' title='bbox 1158 4339 1265 4402; x_wconf 68' lang='lat' dir='ltr'><strong>aenon,</strong></span> 
     </span>
    </p>
   </div>
   <div class='ocr_carea' id='block_1_7' title="bbox 0 0 1438 4788">
    <p class='ocr_par' dir='ltr' id='par_1_8' title="bbox 0 0 1438 4788">
     <span class='ocr_line' id='line_1_54' title="bbox 0 0 1438 4788; baseline 0 0"><span class='ocrx_word' id='word_1_588' title='bbox 0 0 1438 4788; x_wconf 95' lang='lat' dir='ltr'><strong> </strong></span> 
     </span>
    </p>
   </div>
  </div>
 </body>
</html>
