2854 4798
182 215 264 315 ιἰιι
584 240 828 308 iuuenum
850 240 1046 308 n1n.x1v.
1100 233 1111 242 ·

205 412 268 468 edd.
294 418 349 468 oet.
376 416 436 480 aeqs
456 410 484 464 d.
511 422 563 462 sua
591 408 719 477 defendet
742 407 800 464 MS.
820 408 920 466 Gueli.
943 415 975 478 ,et
1002 423 1080 475 quens
1107 407 1167 462 MS.
1196 405 1282 462 corle..
1305 425 1397 480 sequen

203 484 328 538 malebat
345 481 436 538 lillen.
456 513 489 524 —
506 497 568 534 cum
584 482 764 550 praefectura
776 481 857 534 urbis
875 497 931 534 non
945 480 1088 548 profuerit
1100 496 1201 534 omnes
1220 477 1281 534 edd.
1318 491 1397 537 reeter

204 553 282 626 Spir.
302 561 332 609 et
350 553 407 610 lac.
428 553 520 609 Gron.
557 550 614 606 Sed
630 569 692 606 cum
709 569 768 607 non
787 553 845 606 nisi
863 550 921 607 MS.
940 549 1010 606 Bud
1031 567 1104 604 em.
1125 569 1174 623 pr.
1193 550 1273 603 auilll
1313 555 1395 608 ,l'lon

203 626 275 703 lleg.
304 624 389 680 corb.
413 624 484 677 Bod.
503 641 520 676 a
536 640 575 676 m.
602 640 658 680 seo.
677 623 760 680 Harl.
785 623 866 677 Bodl.
893 629 923 676 et
946 623 989 677 ed.
1013 620 1091 694 spir.
1120 624 1167 676 oei
1189 623 1235 674 cui
1259 621 1331 679 MSS.
1351 627 1394 682 les.

204 697 303 752 Guelt.
324 699 487 765 praefectus
510 692 586 748 MSS.
612 695 693 751 Flor.
719 695 791 772 neg.
820 693 882 750 edd.
907 692 986 765 Spin.
1012 693 1067 747 lac.
1096 695 1191 747 Gron.
1217 693 1333 761 defectus
1352 698 1395 751 lli.

204 767 289 823 Gorb.
306 768 419 838 profuit
432 764 613 822 'Msscllon
633 767 718 830 (teste
735 767 837 828 Furii)
854 765 925 842 Reg.
950 764 1034 818 Gorb.
1060 763 1145 820 Bodl.
1170 765 1226 819 les.
1251 767 1340 822 Gueli.
1362 769 1395 824 ed.

203 838 280 912 Spin.
318 839 381 906 „Et
398 839 527 910 primum
546 834 662 909 quidem
680 855 784 908 perum
802 838 942 891 interesse
960 836 1087 903 videtur,
1107 838 1173 890 sire
1192 836 1219 890 le
1256 839 1335 902 seui,
1359 857 1396 893 seu

204 911 290 966 melis
309 926 386 964 eum.-
404 927 472 964 num
489 908 536 962 cui
555 912 598 962 sic
614 909 737 978 ponitur
753 925 808 980 pro
826 924 888 960 curn
906 907 1004 973 alicui,
1024 909 1092 978 quie
1111 907 1149 960 ad
1173 909 1204 959 in
1224 907 1346 962 efinitum
1368 911 1395 964 il-

204 983 257 1036 lud
274 997 353 1052 quern
369 984 507 1036 refertur.
542 979 708 1046 Praefectus
726 998 762 1034 an
779 980 873 1050 possit
890 979 985 1048 accipi
1009 995 1064 1048 pro
1088 979 1211 1032 nomine
1235 989 1343 1050 qinrtee
1359 981 1395 1036 de·

204 1053 385 1118 clinationis,
404 1050 646 1124 quemadmodum
664 1051 791 1118 affectus,
808 1051 962 1118 profectus,
982 1050 1115 1116 desectus,
1137 1051 1190 1104 vix
1208 1051 1338 1105 credibile
1355 1061 1394 1108 est.

204 1123 336 1195 Denique
352 1122 464 1192 profuit
482 1129 511 1176 et
524 1121 670 1192 profuerit
689 1124 730 1176 its
747 1120 899 1188 differunt,
917 1129 952 1174 ut
967 1121 1162 1192 praecedento
1187 1137 1247 1174 curu
1268 1123 1341 1193 sequi
1358 1124 1395 1178 de·

204 1195 269 1250 beet
284 1194 440 1264 profuerit,
474 1203 504 1248 et
520 1201 588 1264 post
614 1193 661 1246 cui
677 1202 831 1262 utrmque
849 1195 974 1246 formam
997 1189 1130 1246 latinitas
1148 1195 1289 1264 patiatur:
1312 1211 1396 1264 nempe

182 1267 409 1322 coniunctivae
439 1281 494 1336 per
517 1281 625 1318 nexum
652 1264 796 1318 causelem
819 1281 881 1318 rom
906 1259 1001 1331 effert,
1031 1263 1209 1319 indicativus
1231 1265 1330 1318 omisso
1355 1265 1395 1320 illo

204 1337 324 1393 vinculo
343 1334 508 1407 explicandi
526 1343 639 1390 tentum
658 1335 744 1389 habet
761 1333 850 1390 rim.“
872 1333 978 1388 Waltlu
1310 1361 1317 1390 Ι

276 1411 302 1466 i·
322 1422 452 1462 nunurue
470 1422 616 1460 seruorum
633 1439 666 1450 -
686 1406 891 1478 quadringenti
915 1440 947 1451 -
966 1405 1090 1474 tonsilia,
1120 1425 1151 1460 r.
1179 1405 1215 1460 ad
1231 1409 1258 1472 3,
1275 1409 1316 1472 53,
1331 1411 1355 1464 3.
1371 1441 1393 1451 -

205 1497 284 1550 opem
300 1481 376 1548 ferat
393 1476 471 1534 MSS.
490 1477 571 1534 Flor.
591 1477 677 1545 (teste
695 1477 787 1543 vict.)
805 1477 877 1530 Bnd.
897 1477 942 1532 ed.
962 1478 1038 1550 Spir.
1058 1495 1084 1534 o.
1104 1479 1180 1544 {eret
1199 1477 1260 1531 edd.
1279 1486 1329 1533 oet.
1352 1476 1393 1534 Sed

205 1549 323 1606 Tacitus
337 1552 516 1622 plerumque
541 1551 694 1604 orationen
711 1548 815 1603 variat.
847 1566 873 1602 o.
891 1551 983 1616 ferret
1009 1547 1066 1603 MS.
1086 1549 1191 1603 Guelt'.
1220 1577 1253 1588 -
1278 1550 1308 1602 in
1327 1558 1392 1614 nutu,

204 1621 234 1680 h.
247 1622 269 1680 l.
288 1621 321 1676 in
338 1638 372 1677 eo
391 1629 477 1688 stetu,
503 1635 559 1690 quo
578 1637 656 1674 nuno
673 1637 709 1674 ex
727 1621 756 1674 le
779 1621 842 1674 ibus
869 1620 1005 1674 imminet
1028 1636 1123 1691 poena
1147 1620 1270 1676 necdum
1290 1622 1394 1692 impuni-

205 1701 249 1748 tas
266 1693 384 1748 decreta
401 1701 462 1758 εει,
493 1689 599 1744 Waltlt.
626 1691 671 1746 ct.
696 1692 732 1746 sd
751 1638 778 1758 f,
794 1695 839 1758 to,
857 1696 884 1748 1.
900 1691 949 1744 sui
965 1698 1039 1745 metu
1059 1689 1117 1748 MS.
1143 1691 1215 1767 Agr.
1241 1719 1271 1730 —
1292 1693 1392 1761 pericula

206 1770 305 1819 nostra
329 1763 454 1819 adwtit
479 1759 554 1820 MSS.
582 1761 665 1816 Flor.
691 1761 780 1830 (teste
803 1761 904 1829 Furia)
930 1761 1014 1819 corb.
1041 1761 1126 1816 Harl.
1150 1763 1207 1821 les..
1231 1761 1297 1817 Bnd.
1316 1761 1392 1818 Guell.

206 1835 270 1891 edd.
288 1836 368 1922 Lips.
387 1833 466 1890 Pieli.
489 1832 613 1961 Ber-neq.
637 1835 729 1892 Gron.
752 1833 843 1888 Bekk.
862 1835 888 1890 ².
914 1833 1016 1892 Kiessl.
1043 1853 1070 1890 v.
1097 1833 1136 1888 ad
1159 1837 1203 1900 ld,
1227 1838 1269 1891 51.
1291 1843 1354 1888 extr.
1373 1843 1393 1888 et

95 1909 99 1917 '
205 1905 337 1962 Seebodii
354 1906 424 1968 bibl.
444 1905 510 1960 crit.
529 1923 554 1962 e.
573 1910 589 1961 l
608 1908 652 1961 21.
671 1923 701 1976 p·
721 1909 783 1964 155.
802 1904 907 1960 avertit
924 1905 1092 1989 ltlss3lleg.
1106 1905 1180 1982 Agr.
1200 1904 1260 1960 edd.
1276 1914 1327 1960 vet
1343 1915 1391 1959 ente

205 1979 287 2050 lips.
306 1986 336 2032 et
374 1984 421 2031 ost
437 1975 513 2030 hunc
529 1974 622 2047 Ryck.
641 1975 713 2030 Ern.
733 1977 817 2031 aliae.
845 1991 928 2048 quarn
947 1993 980 2031 ne
997 1993 1030 2031 en
1046 1981 1124 2029 nietu
1162 1992 1253 2045 .p.n.
1272 1977 1391 2030 advenum

204 2047 330 2104 malebat
347 1995 373 2102 11³
390 2048 440 2104 Fr.
461 2046 552 2104 Gron.
585 2080 618 2091 -
643 2053 699 2111 An,
724 2055 756 2101 ut
780 2048 893 2120 quidam
909 2057 965 2103 cet.
1002 2048 1122 2102 ironice
1139 1994 1231 2100 dieta:
1255 2065 1315 2100 nnn
1335 2048 1390 2100 iniu-

206 2120 270 2174 riae
287 2117 358 2174 illne
376 2119 409 2172 in
427 2133 512 2172 servo
530 2115 620 2172 nihili
638 2127 721 2183 eunte
748 2117 855 2174 Waltli.
892 2120 975 2174 Anne
999 2119 1057 2174 MS.
1082 2118 1156 2173 Bud
1185 2148 1217 2159 —
1241 2120 1273 2173 de
1296 2125 1389 2188 paterno

204 2189 329 2272 pecunia·
348 2194 541 2258 transegerat,
567 2190 607 2246 cf.
631 2189 668 2244 ad
685 2206 711 2242 c.
731 2193 775 2246 tu.
794 2208 822 2244 n.
842 2193 867 2245 1.
892 2198 923 2275 et
945 2192 980 2278 ed
997 2191 1067 2278 Agr.
1085 2193 1134 2248 34.
1154 2209 1184 2243 n.
1202 2191 1228 2248 5.
1256 2221 1289 2236 -
1310 2192 1390 2244 autur

206 2275 385 2330 mceprum,
403 2275 524 2314 avorum
543 2275 672 2326 suoram,
692 2259 891 2315 detrahebatur
908 2261 967 2328 1111,
995 2282 1045 2335 qur
1063 2279 1095 2316 ee
1142 2279 1157 2317 e
1182 2269 1278 2316 serrns
1299 2270 1350 2316 eret
1366 2277 1389 2314 ac

207 2332 338 2389 exoletus
355 2331 420 2396 ille,
438 2330 475 2386 de
493 2343 551 2403 quo
568 2348 597 2388 r.
616 2347 649 2386 cs
671 2371 678 2386 .
697 2335 733 2388 tu
771 2349 847 2386 rinc.
874 2363 907 2374 -
924 2335 1014 2401 ultro,
1036 2352 1102 2392 ιι
1159 2335 1231 2401 ,eu
1249 2337 1273 2389 l.
1297 2365 1323 2377 -
1343 2331 1388 2384 iun

207 2417 319 2461 earnm
335 2401 450 2459 uideris
464 2401 498 2458 in
515 2399 572 2458 tos·
592 2402 640 2458 Gn
683 2441 691 2456 .
710 2349 804 2458 oieieri
821 2402 886 2458 iure
903 2418 1023 2460 caesum.

628 2551 820 2614 CAPUT
871 2557 994 2614 xntv.

288 2659 390 2729 Libet
409 2676 597 2750 argunnenta
618 2668 806 2749 conquirere
824 2669 861 2730 in
885 2687 934 2748 eo,
961 2669 1049 2751 quod
1073 2669 1314 2751 sapientioribus
1330 2664 1386 2728 deli-

209 2749 351 2814 beratum
371 2749 442 2813 est!
482 2749 553 2815 Sed
571 2759 603 2813 et
623 2753 654 2814 si
672 2769 757 2813 nunc
772 2753 907 2830 primum
927 2753 1129 2817 statuendum
1142 2754 1322 2824 inerms,
1339 2767 1387 2810 trt-

209 2833 341 2911 ditisne,
362 2849 483 2896 serrum
502 2834 717 2919 interficiendi
742 2835 862 2897 domini
889 2839 1021 2900 animum
1049 2840 1262 2920 intumuisse,
1289 2845 1386 2897 atuor

209 2936 273 2980 uox
292 2918 401 2979 ruinas
420 2916 603 2980 excideret!
623 2917 708 2981 nillil
724 2937 784 2998 per
807 2922 1009 2982 temeritatem
1026 2918 1288 3005 proloqueretur!
1321 2915 1387 2981 sau

211 2998 376 3063 consitium
401 2999 554 3080 occuluit,
584 3000 676 3063 telum
702 3002 788 3062 inter
818 3004 953 3084 ignaros
982 3007 1124 3083 paravit.
1169 3005 1249 3070 Iiuru
1268 2999 1386 3063 excubias

159 3090 163 3099 “
212 3085 379 3155 transiret,
401 3081 541 3146 erudienti
560 3081 650 3163 fores
672 3084 855 3158 recluderet,
878 3084 976 3149 lumen
997 3087 1150 3170 inferret,
1171 3086 1286 3150 caedem
1301 3092 1384 3165 patra-

212 3175 261 3230 ret
282 3165 425 3228 omnibus
452 3165 589 3231 nesciis?
626 3167 734 3230 Multa
755 3167 886 3231 sceleris
913 3169 1036 3234 indicia
1064 3173 1279 3251 praeveniunt.
1315 3165 1386 3230 Serui

210 3253 241 3314 si
259 3248 413 3330 prodant,
432 3267 597 3330 possumus
617 3251 742 3333 singuli
760 3254 846 3315 iuter
863 3252 984 3332 plures,
1018 3257 1082 3318 tuti
1101 3257 1187 3318 inter
1213 3253 1325 3330 anxios,
1344 3267 1384 3328 po-

210 3333 597 3412 stremo,sipereundun1
620 3335 676 3410 sit,
708 3353 772 3396 non
798 3335 896 3399 inuiti
922 3337 1008 3399 inter
1032 3347 1181 3403 nocentes
1209 3353 1307 3420 agere.
1341 3329 1384 3395 Su

210 3425 321 3498 specta
351 3415 524 3478 maioribus
549 3419 672 3479 nostris
691 3415 825 3497 fuerunt
851 3419 982 3502 ingenia
1008 3441 1179 3501 serronem,
1209 3423 1294 3485 etiarn
1317 3431 1385 3497 quud

211 3504 247 3564 in
267 3499 360 3579 agris
380 3507 437 3561 aut
458 3498 600 3563 domibus
620 3499 728 3562 iisdem
748 3511 957 3564 nascerentur
978 3508 1202 3589 tenentemque
1228 3502 1384 3567 dominorum

211 3585 320 3646 statius
341 3584 531 3662 acciperent.
572 3579 747 3665 Postquam
767 3603 841 3647 oero
862 3589 1009 3650 nationes
1037 3592 1073 3652 in
1099 3588 1233 3668 faruliis
1260 3581 1384 3654 tainu,

211 3665 327 3748 quibus
348 3664 468 3729 diuersi
489 3667 583 3744 ritus,
604 3678 735 3729 externa
755 3686 851 3731 sacra
865 3679 923 3732 aut
939 3671 1029 3734 nulla
1049 3683 1135 3754 sunt,
1158 3671 1307 3734 colluviem
1315 3667 1384 3728 istan

211 3767 276 3812 non
295 3749 362 3814 nist
379 3755 462 3813 metu
484 3751 671 3815 coercueris.
710 3747 760 3816 Ae
783 3752 908 3834 quidam
931 3756 1259 3838 insontesperibunt:
1290 3767 1347 3811 uum
1363 3750 1385 3802 tl
1396 3763 1397 3768 ’

212 3852 252 3894 ec
272 3831 347 3912 suso
369 3832 522 3910 exercitu,
544 3851 636 3914 quum
656 3835 794 3898 decimus
814 3839 949 3918 quisque
968 3837 1053 3920 fusti
1073 3838 1204 3920 feritur,
1223 3838 1308 3899 etiarn
1325 3837 1383 3892 etre-

211 3919 269 3978 nui
300 3917 491 3980 sortiuntur.
541 3915 658 3979 Habet.
679 3917 805 4000 aliquid
830 3939 869 3982 eu
896 3923 944 3984 ini
988 3943 1007 3984 o
1039 3943 1127 3986 ornae
1152 3935 1289 4004 inagnum
1310 3929 1383 3976 exen-

209 3997 306 4080 plunn
327 3997 414 4080 quod
434 4006 547 4060 contra
567 4000 714 4084 singulos
734 4002 877 4066 utilitate
895 4023 941 4084 pu
963 4005 1028 4070 lica
1049 4007 1238 4088 rependitur.

283 4101 311 4154 1.
331 4096 413 4152 Libet
431 4105 598 4168 argumenta
615 4101 780 4177 conquirere
798 4137 831 4148 -
851 4105 915 4159 esi?
952 4106 1216 4186 „Interrogationis
1233 4104 1332 4180 signum
1346 4105 1383 4176 ΕΟ·

212 4171 299 4224 situm
319 4170 352 4224 in
370 4169 432 4227 edd.
452 4172 514 4225 Put.
534 4176 559 4228 1.
578 4175 603 4230 2.
621 4173 743 4252 Berneg.
764 4195 826 4248 sqq.
865 4177 910 4231 Ns
927 4184 1025 4234 temen
1043 4189 1138 4252 putes,
1164 4183 1263 4234 iustam
1285 4185 1337 4225 esse
1351 4179 1382 4214 ιι·

211 4249 291 4296 terro
310 4241 452 4308 stionem3
479 4243 567 4297 immo
593 4251 625 4298 st
646 4243 718 4300 haec
741 4247 853 4304 ironice
877 4249 1016 4305 dicuntur
1051 4252 1152 4306 Germ.
1174 4249 1252 4308 Wir
1273 4235 1381 4300 ,oller

199 4257 312 4369 .ποΒὶ
327 4311 402 4372 oet.“
421 4313 529 4396 Vultis.
549 4314 594 4372 cf.
615 4315 650 4370 ad
667 4319 696 4386 2,
716 4320 758 4387 15,
777 4321 802 4376 2.
831 4352 862 4366 -
886 4319 944 4376 Sed
967 4329 995 4377 et
1015 4289 1047 4377 ,ei
1064 4339 1137 4378 nunc
1157 4321 1270 4394 primum
1286 4315 1381 4366 eranu-
