2872 4786
436 235 498 302 AD
518 235 687 304 ANNAL.
714 235 799 303 Llll.
815 235 862 305 lI.
1206 235 1270 306 577

39 414 164 473 turemr,
183 421 234 460 nec
249 402 374 460 tiarnnsi
389 405 506 472 seirent,
534 405 585 474 pite
602 403 656 460 illa
672 419 734 460 esse
751 403 896 460 uernsisern.
931 403 973 458 Et
993 403 1086 471 addit,
1099 403 1182 460 'duos
1206 419 1271 460 sno-

39 478 153 536 nschos
170 495 225 534 ova
243 477 297 531 illa
316 477 463 532 sennium
483 497 520 532 ex
538 477 622 530 ludia
640 477 774 532 attidisss
793 483 831 531 et.
840 477 919 530 mori
936 475 1018 530 foliis
1035 477 1143 532 aluisse
1158 485 1187 531 st
1201 477 1271 533 inde

40 551 172 606 sericum
189 549 358 604 confecisse.
378 548 453 602 Otho
472 550 543 606 item
557 549 756 626 Frisingensis
772 549 804 602 in
814 547 940 602 historia
959 549 1106 603 l’riderici
1122 555 1147 614 l,
1159 553 1202 606 33.
1214 550 1270 616 sit,

39 622 219 678 liudericum
234 620 417 698 (hogerium)
436 619 568 674 Siculum
587 621 760 697 expugnatis
779 621 811 674 in
825 619 946 674 Graecia
961 618 1096 686 Athenis,
1115 619 1269 689 Corintho,

39 694 162 778 Thebis,
190 693 319 764 opifices,
345 693 395 762 qui
414 694 524 746 sericos
541 709 653 764 pannos
676 693 822 758 terebant,
847 692 1000 761 dednisss
1026 693 1158 762 captivos
1183 700 1212 746 et
1236 695 1269 746 in

38 766 162 820 Siciliae
180 765 251 820 urhe
269 764 401 818 Pslermo
420 763 586 818 collocasse.
603 761 676 818 lude
694 767 816 831 lactum,
835 771 878 830 ut,
899 782 984 834 quam
1004 765 1166 818 textrinam
1185 765 1267 834 prius

40 839 98 892 soli
118 837 224 892 Graeci
243 835 324 889 inter
343 835 526 888 Christianos
544 829 710 902 habuerint,
736 853 802 889 cusu
829 835 966 890 Romanis
992 836 1205 889 communicata
1230 837 1270 889 sit

38 899 462 1034 irritentur*
479 906 513 1042 ις
531 905 588 1033 ιιι
606 909 923 1033 ‘struunt
940 906 1161 1032 liuteis
1178 911 1267 1032 itt·

77 999 149 1034 ΠΝ
326 1019 333 1032 .
453 1017 458 1030 ·
585 1017 592 1031 ι
722 999 737 1032 Ι
760 999 785 1031 18

39 999 75 1108 ete
89 1053 188 1105 lanam
205 998 344 1104 arborugm
363 995 574 1104 essegSericurn
591 1050 696 1104 volunt
714 998 791 1122 apgud
806 1051 890 1106 Seres
909 1049 1006 1104 ludos.
1043 1035 1188 1125 Virgilius
1206 1049 1227 1104 l.
1246 1012 1268 1103 ld

43 1125 212 1192 Velleraque
230 1128 260 1173 ιι
276 1122 358 1188 soliis
377 1124 522 1188 depectant
540 1121 634 1174 tenuia
652 1122 748 1177 Seres.
773 1123 887 1178 Plinius
905 1127 933 1188 o,
954 1127 995 1178 1⁷.
1022 1120 1093 1189 (70.)
1117 1121 1203 1176 Seres
1226 1123 1270 1174 lu·

41 1196 121 1250 nicio
139 1195 273 1248 siluarum
291 1194 408 1258 nobiles,
424 1193 572 1260 perfusam
590 1209 663 1264 aqua
680 1195 853 1263 depectentes
870 1194 1017 1260 frondium
1041 1195 1181 1247 canitiem.
1218 1191 1269 1248 Se·

39 1283 115 1321 neca
134 1269 219 1337 po'e'ta
238 1263 357 1336 Hippol.
376 1283 404 1318 r.
423 1267 485 1320 ³89.
522 1265 597 1320 Quae
615 1267 665 1331 fila
683 1267 772 1320 ramis
790 1265 887 1319 ultimi
904 1265 990 1320 Seres
1010 1265 1116 1334 legunt.
1146 1266 1269 1319 Marcel·

41 1339 124 1391 linus
142 1341 187 1403 73,
206 1337 231 1392 b.
267 1335 353 1404 Apud
371 1333 457 1389 Serus
475 1336 635 1390 sublucidae
653 1339 753 1399 siluae,
772 1337 918 1408 inquibus
937 1338 1072 1390 arborum
1090 1339 1163 1403 fetus
1181 1351 1269 1408 aqua·

40 1427 105 1462 rum
124 1407 318 1478 asperginibus
335 1407 445 1460 crebris
462 1409 535 1460 velut
554 1409 691 1478 quaedum
708 1409 812 1462 vellera
831 1406 997 1474 mollientes,
1026 1425 1060 1460 ee
1079 1409 1211 1478 lanugine
1240 1415 1269 1463 et

41 1482 150 1548 liquore
167 1479 287 1531 mixtam
304 1479 489 1532 subtilitatem
508 1481 687 1534 tenerrimam
701 1485 825 1550 pectunt,
852 1484 1000 1550 nentesque
1024 1481 1175 1535 subtemine
1202 1497 1268 1535 con-

40 1555 138 1620 ficiunt
162 1551 291 1614 sericum.
329 1549 373 1604 De
398 1550 445 1602 his
471 1547 578 1609 Seneca
603 1551 638 1604 sle
666 1553 730 1606 ben.
751 1554 779 1618 7,
799 1555 825 1608 9.
861 1551 949 1606 Video
976 1550 1086 1604 sericus
1112 1560 1213 1618 uestes,
1241 1553 1269 1606 si

40 1630 134 1676 vestes
150 1623 288 1678 vocandae
306 1627 380 1688 sant,
400 1621 546 1691 inquibus
565 1622 639 1676 nibil
660 1629 712 1690 est,
741 1640 792 1692 quo
821 1623 936 1688 defendi
953 1638 1055 1692 corpus
1080 1631 1129 1675 aut
1148 1625 1267 1694 denique

38 1695 136 1764 pudor
152 1694 264 1762 possit,
300 1693 396 1777 qssibas
422 1693 539 1761 sumptis
563 1693 666 1746 mulier
689 1709 789 1763 parurn
817 1693 925 1764 liquido
950 1695 1053 1747 nudum
1077 1710 1108 1747 ee
1132 1713 1186 1748 non
1208 1712 1268 1749 esse

40 1765 161 1820 s'urabit.
199 1765 277 1818 llaec
293 1764 402 1831 erigenti
420 1777 528 1818 senense
552 1767 586 1820 ab
613 1766 721 1834 ignotis
745 1767 893 1820 etiamad
916 1766 1111 1820 commercium
1137 1767 1267 1834 gentibus

40 1842 236 1902 accersuntur,
254 1845 286 1890 ut
302 1843 447 1892 matronae
466 1843 581 1890 nostrus
600 1853 633 1890 ne
651 1836 791 1890 adulteris
810 1837 919 1906 quidem
933 1839 1000 1906 plus
1018 1838 1065 1890 sui
1089 1837 1119 1890 in
1139 1839 1267 1894 cubiculo

59 1925 126 1965 uum
150 1909 181 1962 in
207 1907 318 1977 publico
342 1907 497 1963 edendaru-
533 1908 722 1964 Pellucshant
747 1909 825 1964 enim
852 1910 1018 1976 tenerrima,
1045 1917 1079 1962 nt
1097 1909 1268 1964 Ammianus

39 1929 188 2050 loquitur,
206 1981 370 2034 subtilitate.
405 1979 543 2050 Ideoque,
563 1981 697 2050 quotiens
715 1979 894 2051 pellucidam
916 1989 1041 2045 uestem,
1069 1980 1268 2052 pellucentem

40 2061 142 2128 togam
161 2050 290 2120 talisque
314 2051 400 2128 legis,
425 2051 521 2120 capito
538 2051 574 2105 de
593 2049 693 2106 Serica
710 2059 760 2105 aut
780 2051 846 2105 Coa.
883 2052 1031 2106 luvenalis
1055 2053 1083 2122 7,
1109 2057 1154 2115 77,
1190 2054 1267 2106 Acer

39 2132 67 2176 et
92 2123 249 2177 indomitus
274 2122 469 2192 libertatisque
495 2124 643 2190 magister,
672 2124 795 2186 Cestios,
819 2123 962 2191 pellucet.-
990 2123 1068 2193 quod
1085 2139 1117 2178 oe
1140 2125 1212 2178 erim
1230 2123 1267 2178 ds

40 2197 145 2249 serica.
182 2194 316 2250 Tibullus
335 2193 370 2247 ds
387 2193 565 2264 Bomhycina
583 2197 610 2257 7,
629 2197 657 2261 3,
676 2199 719 2252 53.
756 2195 815 2248 Itla
841 2201 928 2263 gerat
953 2202 1048 2250 tenues
1071 2141 1172 2259 verder,
1198 2211 1268 2266 ques

39 2267 153 2332 femina,
168 2267 227 2320 coa
248 2266 348 2319 Texuit
367 2271 486 2320 aeratas
503 2265 695 2336 disposuitque
712 2266 793 2332 ciues
811 2273 841 2321 et
859 2266 998 2322 Horatius
1012 2265 1103 2322 Serm.
1125 2268 1187 2334 1,7,
1205 2271 1266 2324 1⁰1.
1330 2299 1332 2304 .
1415 2266 1428 2278 “

38 2341 133 2392 euers
153 2339 197 2391 nil
213 2338 307 2392 obstat
325 2338 391 2390 Gois
410 2337 472 2393 tibi.
498 2335 611 2391 *Serica
628 2337 743 2408 quando
763 2339 901 2392 venerint
919 2340 951 2391 in
969 2357 1065 2404 usum,
1093 2339 1267 2410 planissime

38 2427 101 2464 non
119 2411 196 2465 scios
232 2410 368 2480 suspicor
387 2408 458 2462 lulii
471 2407 601 2463 Caesaris
620 2425 701 2474 aevo,
722 2411 800 2472 (nam
812 2417 879 2463 ante
890 2426 949 2463 non
959 2410 1091 2479 invenio)
1110 2412 1162 2482 qui
1178 2412 1268 2464 etism

38 2482 120 2540 ludis
139 2480 288 2535 theatrum
308 2489 402 2534 tntum
421 2477 497 2533 velis
516 2480 647 2534 contexit
669 2480 788 2545 sericis,
816 2487 848 2530 ut
868 2497 905 2532 ex
924 2478 1106 2550 quorundam
1134 2481 1192 2536 fide
1210 2481 1267 2538 Dio

38 2557 136 2607 refert
153 2555 199 2618 ts,
225 2553 270 2607 tt.
306 2551 380 2606 Eun
403 2557 517 2604 vestem
541 2552 630 2604 etism
655 2550 795 2604 Medicam
822 2547 941 2615 dictam,
972 2553 1115 2621 scriptum
1141 2553 1268 2624 reliquit

37 2622 200 2694 Procopius
224 2621 259 2677 de
282 2622 360 2676 bello
389 2621 466 2676 Pers.
490 2625 517 2688 1,
546 2624 590 2676 70.
628 2621 742 2676 Genera
768 2621 830 2675 eius
854 2621 934 2674 facta
960 2631 1061 2690 postea
1089 2620 1264 2690 holoserica,

38 2695 205 2760 subscr-ica,
237 2711 363 2766 ususque
389 2692 503 2767 primus
531 2688 700 2748 holoserica
724 2689 914 2768 Elagabalus,
950 2691 986 2746 de
1017 2707 1074 2762 quo
1106 2692 1154 2746 adi
1180 2693 1267 2748 Lam·

37 2767 117 2838 prid.
146 2783 170 2819 c.
189 2767 233 2823 76.

112 2871 142 2936 a)
168 2887 197 2928 v.
218 2871 322 2927 Pollux
346 2875 436 2938 7,17.
471 2865 609 2943 B'yssinas
633 2878 730 2927 restes
759 2871 791 2924 in
815 2869 951 2948 Aegypto
978 2875 1109 2941 repertas
1134 2875 1267 2942 tempore

38 2943 255 3011 Semiramidis,
281 2943 348 2997 vult
367 2943 502 3000 Clemens
521 2943 658 2998 Stromat.
678 2943 702 2998 l.
727 2961 757 3014 p.
776 2944 837 2999 307.
1142 2971 1147 2983 ⁸

482 3085 519 3142 Χ.
556 3085 601 3140 cd
625 3087 708 3157 Cup.
733 3086 821 3140 ΗΧ.

110 3191 234 3248 Pedibus
250 3191 364 3248 intectis
382 3201 410 3248 et
431 3194 500 3264 pari
523 3211 585 3248 crem
603 3193 722 3248 Graecis
740 3194 852 3262 amictu,
872 3193 1039 3264 crepidatus
1063 3194 1264 3266 palliatueque,

37 3263 216 3333 ἀνυπόδητος
232 3268 279 3320 καὶ
297 3264 411 3335 ἀχίτων.
450 3265 530 3333 Quod
548 3267 590 3320 ait
604 3267 720 3334 pedibsu
737 3268 859 3330 intectis,
884 3277 944 3320 non
968 3265 1054 3336 plane
1078 3284 1183 3320 rerum
1209 3276 1264 3336 est,

37 3338 89 3392 sed
114 3336 150 3388 in
177 3339 393 3408 comparatione
419 3354 485 3393 cum
514 3337 621 3392 calceis
644 3335 799 3403 Romanis,
827 3338 878 3408 qui
904 3336 1056 3390 altiusculi
1084 3353 1143 3392 non
1170 3337 1266 3392 solum

37 3409 118 3462 imos
136 3407 235 3478 pedes,
260 3409 312 3464 sed
337 3410 424 3463 tibias
447 3408 583 3463 velabant
611 3426 697 3463 crure
722 3419 814 3463 tenus.
851 3409 990 3462 Horatius
1014 3407 1107 3462 Ssrm,
1132 3415 1154 3474 1,
1173 3413 1202 3477 b,
1220 3413 1264 3468 77.

36 3479 139 3549 nigris
155 3480 276 3534 medium
293 3481 422 3550 impediit
440 3496 507 3533 erue
527 3479 659 3534 Pellibus.
696 3479 845 3534 Titinnius
863 3479 895 3532 in
913 3477 1011 3533 Setina
1034 3496 1080 3551 ap.
1099 3479 1217 3536 rutum
1236 3499 1264 3535 r.

36 3553 174 3605 multene:
192 3551 256 3605 lam
274 3569 335 3606 cum
351 3551 465 3605 mulleis
483 3558 509 3604 te
527 3552 684 3616 ostendisti,
707 3567 777 3622 quas
805 3551 926 3606 tibiatim
950 3554 1066 3605 eduae.
1104 3551 1266 3606 Tertullia-

37 3641 94 3676 nus
116 3620 153 3678 de
171 3622 263 3678 Pallio
282 3627 307 3680 4.
344 3623 460 3690 Impuro
477 3624 559 3676 cruri
572 3641 674 3692 purum
692 3630 740 3676 aet
757 3623 915 3678 rnalleolnm
932 3622 1038 3676 inducit
1055 3624 1188 3678 calceum.
1224 3623 1265 3680 Et
1373 3681 1377 3688 ,

36 3701 137 3748 exstat
161 3695 326 3766 exemplum
350 3693 436 3750 hodie
454 3695 485 3747 in
512 3694 616 3749 calceis
640 3693 802 3749 Turcarum
827 3694 1106 3766 Pannoniorumque.
1144 3696 1183 3748 Ae
1200 3713 1265 3750 crc-

35 3766 137 3836 pidae‚
162 3764 256 3820 soleas
273 3766 441 3836 plantarum
466 3767 558 3820 calces
578 3774 690 3820 tantum
708 3767 780 3820 imas
798 3766 942 3843 tegebant,
961 3768 1068 3822 ceteris
1086 3768 1149 3822 fere
1166 3765 1262 3822 nudis.

37 3837 109 3890 ldeo
129 3836 200 3890 bens
218 3845 319 3892 noster
332 3837 453 3907 pedibus
471 3837 595 3892 intectis.
634 3837 719 3891 Hunc
737 3855 854 3892 sensum
878 3837 978 3892 firmat
1001 3839 1072 3908 ipse,
1099 3838 1167 3892 dum
1197 3837 1264 3892 suh-

36 3907 101 3962 dit:
121 3905 155 3960 P.
175 3907 319 3976 Scipionis
337 3909 533 3976 aensulaticne,
553 3925 633 3978 quem
649 3909 745 3962 eudem
763 3909 940 3974 facdtauisse
966 3909 1041 3978 apud
1057 3909 1190 3962 Siciliam
1216 3924 1264 3962 ac·

37 3981 173 4046 emimus.
210 3979 309 4052 Scipio
328 3989 425 4034 sutem
443 3982 485 4035 ibi
504 3981 677 4050 crepidatus.
713 3981 815 4034 lirim
834 3985 878 4048 79,
899 3983 941 4037 19.
978 3979 1072 4050 Ipsius
1099 3982 1183 4034 etiem
1211 3979 1264 4034 im-

34 4050 187 4119 peratoris
205 4069 259 4105 non
277 4053 420 4106 Ronsanus
437 4053 528 4116 modo,
554 4053 605 4106 sed
622 4067 656 4106 ne
673 4051 814 4106 militaris
832 4053 942 4124 quidem
966 4052 1059 4106 cultus
1086 4053 1262 4116 iactabatur,-

36 4140 102 4176 cum
116 4123 211 4192 pullio
237 4124 410 4194 crepidisque
434 4124 609 4178 inambulare
633 4124 664 4178 s'n
776 4126 847 4181 osio.
886 4123 967 4190 Quot
993 4131 1089 4180 tamen
1116 4123 1207 4178 molle
1234 4133 1263 4177 et

37 4193 244 4248 effeminatum
262 4195 445 4262 censebatur,
475 4205 503 4250 et
522 4195 658 4248 Manilius
704 4194 824 4250 sliestos
843 4197 901 4250 insi
923 4195 968 4248 nit
990 4194 1045 4248 hac
1067 4203 1136 4248 nota
1153 4199 1180 4261 b,
1201 4197 1261 4250 152

37 4267 190 4319 Fenuneae
206 4273 304 4332 uestes,
323 4283 410 4320 nesae
428 4267 490 4321 sine
509 4265 631 4335 tegmine
645 4267 775 4336 plantae3
801 4275 836 4320 ut
854 4215 987 4343 Scaliger
1005 4267 1180 4332 emendavit,
1207 4267 1262 4320 etsi

36 4344 127 4392 setus
144 4335 234 4392 lectio
252 4354 302 4394 nec
320 4338 417 4393 insunt
435 4339 573 4408 tegrrdna,
599 4354 636 4392 ex
653 4357 710 4410 φη
727 4339 871 4396 tentabam
897 4355 947 4395 nec
969 4339 1001 4393 in
1023 4353 1104 4392 usum
1127 4337 1260 4407 tegmina.
