2800 4790
256 473 593 576 namn
651 485 691 576 L
750 485 774 576 1
831 440 997 578 am'

484 668 631 739 LIBER
655 672 752 740 XIV·

359 1003 634 1072 nnnvmnmm
654 1007 773 1072 unm
787 1007 880 1082 xiv.
909 979 913 992 '
943 965 945 970 ’

75 1209 142 1279 cap,
167 1213 190 1263 1,
210 1162 340 1260 Matrie
357 1205 456 1258 caeder
478 1223 497 1259 a
514 1207 620 1264 Nerone
640 1207 752 1279 agitata
770 1209 900 1264 inelincta
918 1209 1067 1286 Poppaeae.
1104 1217 1130 1272 ².
1150 1215 1227 1272 Ince.

17 1283 62 1330 na
85 1283 128 1333 eet
151 1278 325 1346 Agrippinae
349 1279 395 1330 nel
411 1277 531 1332 Neronia
563 1279 651 1333 animo
678 1290 817 1349 conceptae
842 1281 1004 1352 prohibetur
1031 1292 1091 1338 aeta
1109 1286 1228 1343 Senecae

17 1352 139 1404 etAetee
166 1351 288 1405 libertae.
320 1351 369 1418 Ι3.
398 1347 441 1401 De
465 1349 621 1404 matricidio
651 1352 783 1406 deliberat
807 1353 891 1408 Nero.
936 1354 1050 1408 Aniceti
1079 1360 1225 1414 concilium.

17 1425 37 1474 t.
52 1423 210 1490 Agrippina
227 1438 245 1474 o
263 1419 322 1487 filio
340 1427 453 1473 euocata
471 1421 562 1474 Baiae
579 1429 604 1475 et
623 1431 702 1476 nocta
719 1424 785 1478 navi
800 1425 934 1494 imposita.
973 1427 1000 1482 ὅ.
1016 1429 1042 1483 b.
1061 1429 1144 1482 Muri
1156 1447 1225 1484 mer-

16 1495 94 1556 gendo
117 1494 208 1546 nando
232 1491 332 1546 euadit.
381 1491 541 1558 Crepereius
565 1499 591 1545 et
610 1496 773 1560 Acerronia,
801 1497 909 1549 comiter
927 1494 995 1572 eiue,
1023 1507 1161 1554 necantur.
1199 1505 1224 1558 7.

19 1563 178 1633 Agrippinae
195 1561 383 1618 dieeimmatio.
421 1565 449 1619 8.
468 1563 587 1618 Neronir
601 1581 688 1632 pavor
706 1572 733 1618 et
752 1566 916 1622 deliberatio
940 1585 996 1622 cum
1014 1570 1109 1623 Burro
1130 1579 1157 1624 et
1176 1573 1226 1626 Se·

16 1649 79 1688 neca.
113 1636 248 1690 Anicetus
264 1635 359 1688 eaadet
378 1649 465 1688 necao
484 1634 659 1704 Agrippinae
676 1639 701 1694 8.
727 1645 753 1690 et
769 1646 874 1706 patrat.
915 1641 939 1694 9.
959 1640 1134 1708 Agrippinae
1157 1644 1226 1697 viler

15 1709 152 1774 exsequiae.
190 1710 233 1763 1⁰.
252 1705 327 1760 Nero
345 1706 513 1760 conicientio
531 1722 625 1760 aecore
642 1709 801 1762 adulatione
818 1709 940 1775 erigitur
959 1718 985 1764 et
995 1711 1137 1780 Neapolim
1155 1716 1223 1774 obit.

15 1781 50 1830 11.
68 1774 171 1832 lilerio
189 1779 228 1830 od
243 1775 362 1830 renatur‘n
379 1777 470 1831 miecio
489 1784 515 1831 et
533 1793 551 1832 a
569 1777 672 1832 Seneca
691 1780 842 1847 compositio
860 1787 967 1836 matrem
985 1783 1150 1838 criminatur·
1179 1787 1223 1843 12
1274 1821 1280 1832 ·

17 1847 103 1916 Turpio
121 1849 231 1905 Petrum
249 1847 382 1902 adulatio.
425 1848 547 1902 Tirocea
564 1849 665 1904 Poetae
681 1851 746 1903 eilet
773 1858 799 1906 el
818 1851 876 1904 enit
898 1859 1002 1906 renota.
1037 1854 1176 1920 Prodigia
1198 1864 1226 1912 et

14 1921 118 1973 exeam
138 1921 285 1974 cromatio.
324 1923 365 1976 1³.
386 1917 507 1974 Neronia
524 1921 630 1982 reditur
648 1927 674 1974 et
691 1920 827 1976 libidines.
866 1925 909 1980 li·
928 1923 1041 1990 Auriga
1058 1924 1117 1992 ipre
1141 1934 1166 1980 et
1185 1928 1224 1980 ci-

14 1989 157 2058 ituraeam,
177 1992 283 2046 nobiter
300 1991 452 2044 incernam
470 2007 631 2060 minorique
648 1993 766 2046 deducti.
805 1995 848 2052 15.
867 1993 1011 2050 iuvenalia
1028 2003 1055 2049 et
1078 1997 1165 2051 libido
1183 2000 1225 2064 ie·
1274 2041 1277 2048 ,

13 2063 128 2118 minorum
152 2063 309 2120 illuetriam.
345 2063 463 2117 Neronia
491 2070 586 2118 eantur
611 2063 641 2116 in
666 2081 759 2124 ecena.
802 2065 963 2132 Auguetoni
986 2067 1096 2132 formam
1122 2085 1224 2124 uocem-

14 2149 51 2198 que
76 2135 134 2188 eine
155 2137 333 2190 celebrantes.
369 2137 412 2192 lb.
433 2133 508 2190 Nero
531 2139 612 2202 poeto
631 2141 658 2188 et
673 2135 893 2208 pbiloeopborum
909 2139 1018 2194 irriear.
1056 2142 1097 2196 17.
1120 2141 1225 2197 Coeden
1290 2147 1301 2170 ⁸

13 2205 72 2258 inter
86 2207 239 2262 Nucerinoe
256 2205 481 2274 Pompeianoeque
505 2212 568 2259 orta
592 2205 622 2259 in
646 2223 750 2262 munere
773 2208 956 2274 gladiatorio.
993 2213 1035 2267 18.
1056 2211 1173 2266 Blaerar
1197 2219 1225 2267 et

11 2274 97 2332 Strabo
113 2278 241 2332 eceman·
258 2293 277 2330 a
296 2278 504 2349 Cyrenenribue.
541 2281 585 2334 19.
605 2279 687 2333 More
705 2279 823 2334 Domitii
839 2281 911 2347 Arri
928 2289 954 2336 et
971 2282 1016 2335 M.
1035 2281 1157 2338 Servilii.
1175 2289 1222 2342 2⁰.

11 2347 48 2400 tt.
64 2350 267 2421 Quinquennale
285 2348 416 2402 ladicmm
439 2355 467 2400 et
491 2363 618 2416 proceres
642 2351 718 2406 Bam.
737 2367 818 2404 reeno
842 2353 949 2420 polluti.
987 2351 1118 2410 ludorum
1141 2357 1224 2422 origo

13 2423 122 2475 naaria
139 2421 308 2474 theatrorum
325 2421 422 2486 forma.
458 2421 534 2474 Nero
552 2419 640 2474 uictor
656 2423 688 2475 in
705 2423 849 2476 certamine
862 2423 995 2478 oratorio.
1032 2428 1077 2483 22
1098 2426 1224 2483 Cunctae

13 2497 33 2540 et
48 2493 167 2558 fulgenia
185 2491 374 2560 interpretatio
391 2489 477 2544 noxia
494 2491 623 2546 Rubellio
644 2493 748 2548 Plauto.
774 2495 849 2550 Nero
869 2495 967 2562 iontem
985 2513 1070 2565 aquae
1091 2497 1221 2554 Marciae

12 2565 86 2616 inmo
102 2564 239 2634 pottotm
257 2564 383 2620 creditur.

67 2673 193 2729 23-26.
211 2671 270 2726 Ber
287 2686 306 2722 a
326 2670 476 2726 Corbulone
499 2667 622 2738 feliciter
646 2677 744 2737 geetoe
767 2671 898 2726 adomim
916 2673 1037 2728 Mardoi
1060 2681 1091 2731 et.
1107 2674 1221 2731 birido·

10 2747 49 2793 ten
64 2743 92 2794 in
108 2743 253 2798 Armenia.
289 2743 367 2795 llaec
389 2743 426 2795 ob
439 2758 482 2795 ’ω
506 2743 626 2796 traditur
653 2743 783 2808 Tigrani,
811 2751 837 2796 et
860 2745 920 2812 ipre
937 2744 1036 2814 Syriae
1051 2749 1221 2814 praeficitur.

9 2813 43 2868 ll.
58 2814 199 2868 Laodicea
216 2821 308 2868 terrae
324 2821 437 2868 tremore
454 2829 591 2870 wmueea.
628 2814 746 2878 Poleam
768 2815 922 2878 Tarentum,
947 2816 1058 2870 Antium
1084 2819 1217 2874 coloniae.

9 2885 44 2938 lb
60 2885 207 2940 Praetoria
224 2885 344 2940 cornilio.
381 2886 587 2956 Appellationee
603 2901 623 2940 a
639 2885 775 2942 iudicibee
792 2887 830 2942 ad
846 2895 975 2944 renatum«
1013 2888 1110 2946 Vibiue
1135 2906 1216 2958 repe-

9 2957 135 3010 tundarum
152 2972 227 3014 reue.

63 3067 105 3121 ²9.
126 3067 176 3123 30.
195 3065 228 3118 ln
245 3059 394 3118 Britannia
417 3060 560 3118 Suetoniue
578 3063 721 3134 Paulinae,
749 3080 888 3120 mceeeeor
909 3064 1036 3133 Veranii,
1060 3068 1149 3122 clame
1170 3083 1221 3136 pa·

8 3141 57 3185 reto
73 3137 244 3202 aggreditur
262 3137 373 3190 Monam
390 3133 443 3190 ine.
462 3135 602 3205 tunditque
619 3137 750 3191 barbarae
768 3153 786 3190 o
804 3137 912 3204 seminia
934 3137 1087 3204 tenentibae
1104 3138 1221 3192 Druidi-

7 3203 88 3274 hique
104 3210 146 3262 ad
163 3208 288 3262 uirtutem
307 3206 489 3270 intlommatoe.
525 3209 655 3265 31-33.
675 3208 752 3261 Iceni
770 3213 796 3262 el
816 3209 1001 3277 Trinobantes,
1020 3211 1142 3264 auaritia
1160 3211 1219 3266 Bo·

7 3289 124 3332 mam
143 3280 185 3334 ad
201 3295 278 3333 eremo
295 3277 434 3346 compatri,
454 3279 520 3332 duce
537 3279 688 3333 Boudicca
699 3279 915 3348 Camulodunum,
939 3281 1097 3336 Londinium
1128 3281 1219 3338 Veru-

7 3347 150 3420 loniurnpue
181 3355 348 3419 expugnant.
395 3347 440 3403 Ab
474 3349 570 3404 iisdem
595 3350 713 3404 vincitne
736 3349 854 3405 Petiliur
877 3348 1002 3406 'Cerialia
1024 3359 1051 3406 et
1074 3353 1113 3407 ad
1135 3353 1220 3410 Lxx
1270 3407 1274 3420 ,

7 3420 78 3472 rillio
95 3423 278 3477 Romamn
294 3421 474 3490 rocioreunqae
500 3429 638 3480 necantur.
675 3425 802 3480 34-37.
828 3422 969 3477 Boudicca
994 3439 1012 3476 a
1037 3423 1164 3479 Suetonio
1189 3427 1220 3480 in

7 3493 92 3552 prelio
111 3494 206 3548 atroci
223 3495 299 3548 aicta
317 3509 440 3546 uenenum
457 3494 544 3548 emnil.
582 3497 625 3550 38.
647 3493 736 3546 Iuliae
756 3492 945 3548 Claeeicianae
960 3503 1124 3563 procurator
1147 3497 1219 3551 inui-

7 3561 62 3617 it'cn
78 3567 181 3632 confiat
198 3565 337 3627 Suetonio.
374 3567 418 3622 39.
438 3565 546 3618 Mieeue
564 3564 594 3618 in
611 3565 786 3620 Britanniam
814 3583 869 3620 cum
893 3580 991 3632 magno
1016 3568 1143 3622 comitatu
1166 3567 1218 3622 Po-

7 3633 115 3705 lycletue,
137 3637 260 3693 Neronia
277 3637 399 3704 libertae,
422 3635 521 3690 irrirui
546 3642 589 3691 eet
615 3635 745 3692 boetibue.
783 3635 927 3694 Petroniue
955 3637 1132 3706 Turpilianue
1157 3655 1218 3694 erec-

7 3717 78 3760 ureor
96 3711 183 3764 witer
200 3707 337 3764 Suetonio.

58 3820 103 3873 to.
124 3819 172 3874 41.
192 3815 333 3870 Baiionae
349 3814 452 3886 aliique
468 3815 502 3868 ob
520 3813 619 3880 talium
637 3821 818 3870 tertonentum
835 3814 964 3874 danmuti.
1006 3815 1134 3874 Valeriae
1148 3817 1217 3872 Pon-

7 3883 59 3938 b'oee
73 3895 225 3942 woueotor
241 3889 390 3952 relegatur.
427 3889 556 3944 en-ta.
575 3887 712 3943 Pedaniue
729 3886 868 3942 Secundae
885 3886 979 3953 Praei
1007 3887 1078 3944 Urbi
1104 3905 1123 3940 a
1139 3904 1219 3944 neruo

7 3965 39 4006 no
52 3961 175 4028 nectua,
193 3965 221 4013 et
236 3958 338 4026 reliqui
355 3959 415 4012 eiue
431 3958 506 4012 cervi
523 3975 542 4012 a
556 3961 638 4029 plebe
657 3959 759 4030 quoidam
774 3959 901 4035 protecti,
919 3958 971 4012 eed
987 3960 1049 4026 lege
1066 3961 1154 4015 ueteri
1170 3977 1218 4014 ca·

7 4027 56 4090 litu
70 4030 200 4085 tanat
216 4045 252 4083 en
268 4031 402 4084 ammeio
421 4029 453 4086 C.
474 4030 570 4085 Curtii
598 4048 618 4085 a
641 4029 777 4100 pleriroue
794 4029 906 4086 Petrum
930 4037 957 4083 et
976 4026 1106 4086 Cueeorie
1129 4033 1217 4088 edicto

7 4101 110 4162 mma.
158 4104 205 4158 46.
236 4100 395 4170 Torpuitiue
418 4101 532 4156 Penne
557 4103 761 4172 repetundorum
790 4117 861 4160 reue.
901 4101 1004 4172 Ceneue
1030 4119 1083 4171 per
1108 4104 1218 4158 Galliae

7 4179 72 4226 utu.
108 4175 159 4230 ll.
180 4173 263 4228 More
280 4178 307 4225 el
323 4173 384 4227 laun
402 4173 523 4228 Memmii
540 4173 652 4242 Reguli.
689 4175 734 4231 ts.
753 4175 798 4230 49.
818 4171 956 4228 Antietiue
981 4173 1112 4230 Soeionur
1134 4175 1217 4228 maie-

7 4247 70 4297 teta
90 4245 251 4314 metutam
277 4250 306 4298 et
326 4259 346 4298 a
361 4243 447 4302 Paeto
475 4245 599 4302 Tbraeeo
625 4245 760 4313 delentur.
797 4247 841 4302 bb.
869 4245 1014 4302 Fabriciue
1035 4245 1148 4304 Veiento
1169 4261 1217 4300 ca·

7 4307 102 4369 hiae
118 4322 271 4370 mutue
288 4322 315 4369 et
332 4315 419 4372 ltalia
435 4318 538 4386 putere.
