2814 4792
259 240 406 342 umor
425 241 549 310 nxm
586 243 641 326 (ι.
654 192 780 330 osne.
801 243 842 314 1.
853 247 890 315 6.
909 249 979 358 oa.)
1161 251 1227 324 ase

10 411 143 474 scientia
163 407 341 474 libidinum
362 429 466 494 eaque
486 411 551 475 sibi
571 422 754 497 comperta,
782 413 892 479 edicto
912 427 1077 482 memorat
1102 421 1234 496 insulnss.

12 515 68 576 qne
98 493 300 558 Pandateria
329 493 502 557 Octaviam
535 495 671 562 claudit.
715 499 792 561 Non
824 501 889 562 alia
918 501 1011 563 exsul
1043 504 1226 570 visentium

11 579 116 642 oculos
138 581 267 640 maiore
288 577 521 642 misericordia
542 581 662 648 affecit.
706 579 933 646 Meminerant
962 583 1070 648 adhuc
1091 587 1226 672 quidam

12 662 210 748 Agrippinae
241 682 261 722 a
282 661 440 740 Tiberio,
478 664 650 726 recentior
671 661 778 726 Iuliae
799 668 963 730 memoria
983 667 1226 733 obversabatur

12 743 185 806 aclaudio
206 744 331 828 pulsae.
374 743 439 807 Sed
460 745 526 808 illis
547 745 655 808 robur
675 750 793 811 aetatis
814 753 974 814 affuerat:
1006 751 1093 815 laeta
1114 754 1225 836 alique

12 827 161 890 viderant
182 837 216 889 et
237 837 444 910 praesentem
466 830 639 891 saevitiam
660 831 811 895 melioris
834 834 914 896 olim
936 836 1092 898 fortunae
1112 855 1226 900 recor-

12 909 140 973 datione
160 911 358 974 allevabunt.
400 911 493 974 Huic
514 913 661 996 primum
682 915 877 996 nuptiarum
900 915 971 978 dies
993 917 1069 981 loco
1097 920 1226 982 funeris

11 997 79 1072 tuit,
100 992 262 1057 deductas
282 994 318 1055 in
341 992 488 1074 domum,
516 997 552 1056 in
573 1015 637 1079 qua
657 997 743 1064 nihil
769 999 835 1061 nisi
856 1000 1047 1063 luctuosum
1073 1000 1225 1076 haberet,

12 1085 121 1158 erepto
142 1096 204 1161 per
225 1095 389 1140 venenum
411 1085 508 1162 patro
529 1085 564 1141 et
583 1081 696 1142 statim
715 1084 840 1144 fratre:
863 1089 935 1144 tum
956 1085 1076 1146 ancilla
1090 1083 1226 1148 domina

12 1157 160 1238 vendor,
176 1167 217 1224 et
237 1161 388 1243 Poppaea
417 1179 485 1224 non
514 1163 579 1223 nisi
599 1164 636 1223 in
666 1165 847 1246 perniciem
875 1167 992 1229 uxoris
1020 1175 1135 1251 nupta,
1166 1187 1226 1252 po·
1261 1157 1269 1174 ’

12 1251 130 1307 stremo
150 1245 279 1306 crimen
300 1246 391 1306 omni
413 1245 516 1307 exitio
536 1248 684 1332 gravius.

78 1365 102 1416 l.
121 1360 160 1414 At
178 1361 256 1415 Nero
275 1393 308 1405 —
328 1360 471 1416 Octavian
497 1362 615 1430 claudit,
644 1366 682 1417 cf.
711 1363 791 1421 Suet.
818 1365 886 1420 Ner.
911 1367 955 1423 36.
995 1397 1027 1410 -
1051 1370 1226 1436 praefectum
1274 1407 1282 1420 .

12 1431 93 1484 classi
110 1434 273 1496 Misenensi,
290 1433 455 1498 Anicetum,
481 1433 535 1500 (cf.
554 1451 617 1506 cap.
636 1438 662 1490 3.
683 1439 709 1490 7.
729 1445 759 1490 et
776 1436 812 1490 de
835 1437 926 1492 classe
950 1435 1003 1492 illa
1026 1439 1063 1494 ad
1079 1445 1107 1506 4,
1132 1443 1159 1507 6,
1185 1441 1228 1510 1.)

13 1503 40 1555 in
58 1519 131 1572 apem
148 1503 302 1558 sociandae
319 1506 421 1558 duruit
439 1503 538 1572 huius,
557 1505 594 1559 ad
612 1509 783 1562 societatem
800 1508 992 1562 consiliorum
1010 1511 1148 1566 adversus
1166 1513 1228 1567 Na-

12 1591 115 1640 ronem,
139 1583 304 1646 comptum
326 1577 361 1630 ab
388 1577 521 1646 Octavia5
556 1577 633 1648 qnod
656 1578 795 1633 Anicetus
825 1580 888 1650 ipse
914 1579 1104 1636 confinxerat.
1136 1602 1164 1637 v·
1190 1583 1228 1638 ad

13 1663 70 1716 cap.
88 1649 131 1704 67.
150 1665 181 1700 ιι.
200 1651 228 1704 7.
248 1656 278 1702 et
295 1647 331 1701 ad
347 1651 376 1714 7,
394 1649 439 1716 67,
458 1650 485 1704 7.
523 1647 555 1701 in
573 1665 649 1716 mem
666 1649 723 1706 MS.
743 1649 824 1705 Flor.
845 1653 932 1715 (teste
952 1651 1044 1716 Pich.)
1063 1652 1126 1706 edd.
1146 1652 1225 1723 Spir.

13 1717 85 1774 Picb.
110 1735 173 1790 sqq.
211 1735 260 1788 epe
282 1717 339 1773 MS.
368 1719 438 1772 Bud.
464 1718 526 1772 666.
553 1720 617 1772 Put.
639 1725 664 1774 1.
683 1723 710 1776 7.
736 1721 801 1777 Ber.
835 1719 883 1787 (ad
908 1739 993 1794 66666
1018 1723 1112 1776 tacuit
1133 1725 1244 1788 victa·

13 1789 96 1846 dhan.
117 1794 143 1844 l.
163 1792 191 1842 7.
210 1795 237 1847 3.
257 1809 319 1862 sqq.
339 1799 405 1844 ante
425 1788 505 1846 Piob.
533 1791 566 1844 in
584 1806 632 1858 ape
650 1791 726 1846 MSS.
754 1791 836 1847 Bodl.
861 1793 916 1849 les.
944 1793 1042 1850 Gueli.
1072 1793 1105 1846 in
1132 1794 1228 1866 specie

12 1861 62 1916 116.
88 1861 172 1914 Gorb.
204 1894 237 1904 -
263 1862 415 1915 incusatae.
432 1877 451 1916 a
477 1878 508 1914 ee
524 1862 609 1930 paulo
627 1869 694 1915 ante
711 1863 892 1930 sterilitatis,
918 1867 955 1920 ci.
983 1883 1044 1936 cap.
1062 1869 1105 1922 60.
1125 1883 1170 1938 pr.
1192 1891 1232 1906 -υ

12 1931 177 1986 concientia
196 1933 357 1996 libidinum,
377 1937 415 1989 ci.
436 1933 498 1987 lnd.
518 1933 571 1987 111.
590 1951 618 1988 v.
638 1935 765 1987 Ablatiui
783 1934 1020 1990 substantivorum
1038 1937 1170 1995 absoluti.
1191 1969 1226 1982 --

12 2005 96 2058 edicto
113 2011 260 2071 meruerat,
279 2024 307 2059 v.
325 2003 362 2059 ad
379 2008 413 2070 3,
425 2008 452 2068 6,
471 2011 497 2061 1.
522 2005 614 2058 edicto
633 2006 691 2060 MS.
712 2005 794 2063 Flor.
814 2007 853 2072 (si
870 2007 1013 2072 Victoria,
1033 2009 1083 2064 eed
1100 2024 1226 2078 campm-

13 2081 52 2128 tae
67 2076 153 2139 dicto,
173 2077 198 2129 61
217 2077 323 2130 Furiae
341 2075 413 2131 tides
430 2075 571 2141 habenda)
591 2075 653 2130 edd.
673 2077 753 2130 rich.
773 2095 806 2148 sq
829 2120 835 2133 .
864 2078 942 2149 quod
968 2081 1154 2134 coniecerant
1172 2081 1226 2136 tn·

12 2149 80 2200 etius
98 2155 127 2200 et
144 2147 271 2218 Lipsius.
304 2149 381 2202 dicto
406 2147 483 2202 MSS.
508 2146 578 2202 Bud.
598 2147 698 2202 Guett.
724 2157 752 2203 et
777 2095 839 2204 edd.
858 2158 917 2203 ret.
955 2149 1030 2216 „Sic
1056 2149 1111 2204 bae
1139 2167 1226 2206 voces

11 2220 91 2271 etiam
115 2221 252 2273 confusae
274 2223 320 2284 15,
345 2223 390 2276 36.
423 2227 453 2274 et
475 2236 520 2290 ap.
547 2219 611 2272 Liv.
631 2223 658 2285 7,
682 2222 726 2276 36.
751 2223 777 2285 6,
798 2223 824 2274 7.
850 2221 877 2284 0,
897 2223 941 2278 lt.
966 2222 1001 2276 ed
1020 2239 1093 2292 quae
1112 2222 1176 2275 loca
1195 2240 1225 2277 v.

10 2289 111 2344 11661.α
135 2291 207 2347 Ern.
245 2323 277 2334 -
306 2291 454 2361 insertaque
477 2290 652 2346 Pandateria
677 2290 824 2345 Octauiam
848 2292 967 2360 claudit,
992 2311 1021 2346 v.
1046 2292 1082 2346 ad
1106 2298 1131 2360 1,
1150 2297 1178 2360 3,
1196 2295 1224 2351 6.

12 2360 178 2416 Pandateria
196 2361 251 2416 MS·
271 2362 370 2416 Gueli.
390 2363 453 2416 edd.
472 2361 536 2416 Ber.
564 2361 716 2432 (adquam
743 2363 828 2418 siluit
846 2363 933 2428 Vict.)
958 2363 1050 2418 liban.
1070 2368 1095 2420 7.
1114 2367 1139 2421 3.
1161 2377 1225 2435 sqq,

11 2442 72 2487 ante
89 2433 153 2506 Bip.
173 2441 208 2486 ut
224 2442 290 2506 post
308 2450 372 2487 eam
390 2433 481 2488 Rekk.
501 2433 606 2487 Kiessl.
625 2433 739 2490 Waltb.
775 2435 946 2504 pandeteria
964 2434 1019 2488 MS.
1039 2435 1120 2492 Flor.
1150 2444 1227 2492 teste

12 2505 102 2561 Furia.
126 2505 310 2574 pandecteria
328 2505 385 2560 MS.
404 2505 467 2558 Vat.
488 2505 591 2576 lipsii,
612 2503 673 2560 edd.
693 2504 772 2576 Spir.
791 2505 856 2560 rut.
877 2511 902 2563 1.
922 2509 947 2564 7.
978 2505 1160 2560 Pandataria
1179 2506 1224 2560 ed.

12 2575 94 2630 Rben.
115 2582 140 2633 l.
177 2575 356 2630 Pandataria
376 2575 438 2630 edd.
457 2576 521 2647 Bip.
541 2574 636 2628 Oberl.
656 2577 729 2633 liin.
755 2594 782 2631 v.
803 2577 839 2630 ad
860 2581 884 2643 l,
903 2579 949 2642 63,
969 2581 994 2633 1.
1033 2573 1139 2644 „Quid
1154 2593 1225 2654 ergo

14 2649 43 2701 iu
58 2657 182 2702 mentem
201 2649 284 2702 venit
301 2648 426 2704 Senecae
444 2647 504 2703 Oct.
526 2665 552 2699 v.
573 2648 636 2702 370.
655 2646 704 2700 vel
721 2647 818 2716 potius
837 2647 964 2724 ignobili
990 2656 1093 2719 poetae
1122 2657 1150 2704 et
1168 2647 1225 2701 hut

13 2721 53 2772 ius
74 2717 241 2796 tragoediae
266 2719 389 2786 auctori,
422 2719 502 2784 (nam
527 2718 616 2770 certia
642 2718 824 2792 argumentis
848 2726 915 2803 post
945 2727 1072 2774 mertam
1097 2719 1227 2776 Senecae

15 2792 114 2862 scripta
134 2793 191 2852 est)
208 2789 261 2860 ’661
277 2791 410 2868 relegare
428 2789 577 2844 Octaviam
596 2789 628 2840 in
646 2788 688 2842 Ae
751 2797 814 2842 tum
832 2790 968 2844 videtur:
993 2791 1063 2844 data
1085 2793 1146 2844 reia
1165 2793 1225 2858 sre-

14 2861 50 2914 tis
65 2861 225 2932 sentimum
248 2867 329 2930 petat
350 2861 455 2931 puppis
477 2867 571 2914 rector
595 2861 707 2914 tandem
772 2859 854 2914 ariae
871 2861 960 2914 litora
985 2867 1096 2926 terrue3
1124 2861 1225 2916 nisisi

13 2931 64 2986 hoc
80 2933 153 3000 vult,
177 2931 374 2988 Alexandrina
391 2933 529 2985 duntaxat
547 2932 615 2984 navi
633 2940 763 2984 avectam
782 2929 950 2986 Octaviam?
987 2933 1021 2988 ld
1048 2935 1127 2988 enim
1155 2939 1225 2986 cotr-

14 3006 146 3058 tentiosus
170 3005 211 3059 ali
253 3005 276 3057 is
301 3005 393 3076 possit
419 3019 523 3074 parum
554 3001 671 3072 εὐλόγως
695 3003 801 3057 dicere.
845 3001 926 3058 Alias
960 3005 1141 3076 reposuerim
1170 3017 1225 3080 ego

15 3075 196 3130 Pandateriae
233 3076 307 3129 itero
333 3073 457 3130 terrae.“
484 3071 559 3142 Lipa.
596 3071 787 3150 Tragoediam
812 3073 897 3128 illam
921 3075 955 3129 ab
979 3076 1041 3146 ipso
1066 3073 1172 3130 Seneca
1194 3073 1239 3128 et'.

14 3146 65 3199 boc
93 3155 226 3218 tempore
256 3147 453 3218 conscriptam
477 3145 698 3216 suspicabantur
721 3144 855 3222 Scaliger
885 3153 915 3200 et
939 3144 1079 3220 Ryckius.
1118 3147 1164 3202 Gi.
1189 3145 1226 3200 ad

14 3235 38 3273 e.
53 3223 93 3276 ⁵2
117 3239 147 3274 n.
166 3223 194 3277 l.

76 3329 101 3384 7.
120 3325 312 3383 Meminerant
330 3324 421 3380 adbuc
438 3324 555 3397 quidam
570 3323 754 3396 Agrippinae
771 3339 789 3376 a
809 3323 923 3378 Tiberio
942 3357 975 3368 -
992 3326 1092 3396 pulsae
1110 3325 1225 3378 inl’an·

17 3393 157 3452 datarium.
175 3417 204 3452 v.
224 3397 305 3454 Suet.
333 3398 397 3452 Tib.
416 3401 460 3456 63.
498 3398 533 3450 ln
557 3399 675 3452 eandem
699 3397 824 3452 insulam
848 3395 1087 3472 lulia„Augusti
1110 3395 1183 3460 filia,
1207 3413 1225 3448 a

50 3475 91 3521 tre
116 3471 252 3548 relegata.
277 3489 305 3524 r.
332 3475 358 3534 1,
378 3472 422 3527 63.
448 3466 559 3539 quidem
581 3468 625 3522 ed.
645 3467 723 3538 Spir.
753 3467 906 3526 -lutiae
929 3482 949 3520 u
972 3467 1090 3526 Claudio
1113 3467 1222 3535 pulsae.

15 3483 86 3593 Mure
103 3541 206 3609 iuliae,
225 3541 318 3596 altera
337 3539 516 3605 Germanioi,
535 3540 629 3594 altera
646 3539 736 3594 Drusi
753 3540 826 3605 6116,
845 3537 971 3614 Augusti
1010 3545 1155 3608 roneptes,
1176 3555 1225 3592 oc·

17 3611 82 3664 cisse
105 3612 185 3666 iussu
212 3609 326 3668 Claudii
350 3611 399 3666 vel
446 3612 521 3665 otius
539 3611 719 3676 Messalinae,
744 3619 775 3666 et
793 3610 847 3668 illu
867 3611 950 3680 prius
997 3611 1047 3664 rbe
1070 3617 1175 3664 amota.
1194 3626 1229 3667 r,

14 3677 64 3733 Dio
79 3686 124 3750 60,
142 3687 169 3740 6.
189 3692 219 3738 et
236 3687 279 3742 18.
308 3683 389 3738 Suet.
440 3682 515 3736 laud.
541 3685 586 3740 70.
611 3681 676 3737 Sen.
695 3681 851 3752 Apocoloc.
889 3679 932 3735 De
955 3679 1010 3736 illa
1027 3682 1069 3734 cf.
1086 3683 1113 3745 7,
1131 3681 1176 3736 64.
1195 3681 1226 3746 6,

17 3753 54 3806 li.
70 3753 102 3807 de
119 3753 176 3810 bac
192 3758 220 3822 3,
238 3758 283 3812 73.
303 3756 331 3821 6,
356 3756 591 3822 77.13,37.13.
620 3769 638 3805 u
661 3753 783 3807 Claudio
810 3769 909 3808 omues
938 3753 1000 3806 edd.
1027 3760 1084 3811 vet,
1110 3758 1140 3804 et
1164 3765 1226 3803 reo.

17 3831 73 3877 ante
88 3825 183 3881 Oberl
222 3827 399 3898 Praepositio
420 3826 525 3880 omissa
543 3825 575 3878 in
594 3822 988 3882 666.066ι1.1.6ιι.1116661.
1014 3851 1048 3864 —
1066 3821 1226 3876 allevabunt

20 3892 184 3954 11667166.
204 3897 301 3954 Guelf.
321 3897 384 3953 edd.
405 3895 481 3969 Spir.
501 3895 563 3954 Put.
583 3899 607 3952 1.
626 3899 653 3954 7.
672 3895 737 3950 Ber.
757 3893 849 3952 liban.
871 3900 896 3952 1.
916 3895 1028 3950 Gronn.
1047 3913 1060 3947 s
1081 3911 1110 3964 6.
1135 3892 1227 3946 eteuu-

19 3963 75 4018 tort
91 3969 146 4026 MS.
166 3967 237 4028 Bnd.
257 3969 320 4025 edd.
339 3967 433 4022 liban.
459 3971 485 4026 7.
511 3971 539 4024 3.
570 3968 697 4021 levabunt
722 3965 785 4022 edd.
811 3966 890 4037 Lips.
917 3965 1003 4020 Grut.
1028 3965 1078 4018 Pic
1102 4001 1110 4016 .
1136 3964 1224 4018 Beru.

18 4033 98 4104 Ryck
117 4041 163 4098 ct.
181 4042 218 4096 ad
236 4043 280 4107 17,
298 4043 344 4107 61,
363 4044 388 4096 1ὲ
408 4073 442 4084 -
459 4039 536 4096 nun
553 4037 712 4102 (Octaviae)
728 4038 853 4107 primum
870 4037 927 4096 MS.
947 4036 1048 4092 Gueli.
1066 4033 1128 4090 edd
1144 4033 1163 4093 S
1186 4034 1227 4090 ir.

17 4105 245 4169 1111771166.
271 4110 323 4180 (ad
342 4127 430 4180 quam
447 4111 541 4166 tacuit
557 4110 647 4174 vict.)
669 4109 762 4164 Rhen.
782 4113 808 4166 1.
828 4112 856 4167 7.
874 4113 902 4166 3.
926 4105 993 4162 dld.
1019 4105 1134 4177 Gryph.
1156 4052 1225 4162 Mic.

19 4177 86 4250 lips.
103 4183 176 4238 Era.
194 4201 258 4256 sqq.
296 4183 373 4238 Huic
387 4180 498 4252 primur
513 4181 578 4236 edd.
597 4179 675 4235 Picb.
695 4189 797 4252 etsqq.
816 4196 910 4252 usque
928 4177 1044 4237 addim.
1059 4195 1095 4231 ex
1108 4174 1225 4242 emepd.

19 4249 110 4320 lipsii.
145 4255 236 4310 Male:
254 4273 323 4310 nam
341 4259 398 4310 nim
416 4262 447 4310 et
462 4259 608 4323 postrmo
631 4257 672 4317 eoi
685 4251 812 4321 primum
835 4249 1029 4322 respondeum
1052 4249 1125 4302 lira.
1159 4245 1229 4330 Non

20 4327 167 4392 erponim
182 4325 215 4380 b.
230 4325 250 4378 1.
266 4327 379 4395 primus
396 4326 459 4382 dier
477 4324 603 4382 seeundo
620 4332 671 4384 eut
688 4324 792 4380 tertiat
819 4323 871 4378 sed
888 4321 952 4378 dice
970 4319 1135 4391 nuptiarum
1154 4317 1228 4376 dicr-

53 4421 113 4492 οη.
136 4425 204 4482 rae.
226 4425 256 4480 r.
268 4425 307 4478 ιι.
1005 4397 1047 4460 ²³
