2814 4792
206 229 269 302 stt
595 225 842 297 ANNALIUM
865 229 947 296 nm.
970 227 1063 296 xlv.

208 401 269 468 lar,
283 397 455 480 legendum
472 393 561 454 ΕΜ
596 397 721 454 Ubinam
737 411 810 454 vero
827 405 889 452 tans
906 396 1058 470 splendide
1074 397 1103 453 ai
1119 405 1296 470 mutatum,
1316 399 1381 474 iguo-¹

208 481 300 527 ratur.
338 471 422 526 lllam
440 471 519 527 enim
538 471 681 542 sepultam
700 488 761 526 asse
788 473 820 524 in
846 471 929 525 stass
946 497 961 512 ·
979 470 1077 536 treuge
1098 487 1187 541 prope
1202 487 1264 542 opp.
1280 471 1381 528 Aetas-2

207 545 274 614 dury
291 547 324 598 in
343 543 500 608 Wiltstlire,
524 543 646 598 minime
664 540 848 597 crediderim.
884 541 1054 597 Portentosa
1077 541 1106 596 la
1127 540 1203 595 idum
1229 541 1381 604 substructio,

209 615 245 672 ds
263 633 319 688 qua
337 635 365 670 v.
385 613 552 669 cambden’s
570 612 721 672 Britannia
737 615 778 685 by
797 613 907 670 Gibson
923 631 953 684 p·
972 615 1017 670 36.
1046 621 1077 667 et
1099 560 1182 690 dirigo
1205 613 1289 678 lones,
1310 613 1381 666 multo

209 689 376 759 antiquiora
400 688 498 764 arguit
521 694 655 756 tempora
687 684 817 758 aliosque
844 687 942 742 usus.“
968 684 1049 738 Brot.
1086 686 1257 752 „Victoriam
1280 685 1381 752 Suetonii

208 759 288 814 Nero
316 757 475 813 celebravit
498 770 598 822 numo,
624 757 661 811 de
685 753 742 829 quo
767 769 793 810 r.
817 755 932 812 Eckhsl
953 755 987 809 D.
1006 757 1043 813 Ν,
1069 756 1133 810 Vol.
1158 757 1205 814 Vl.
1228 775 1256 828 p.
1273 759 1318 814 265
1336 757 1381 832 sqt‘}

139 847 146 868 1
209 831 302 888 (llerl.
323 859 356 874 -
373 830 504 886 metm
523 829 697 894 „Reinesius
716 829 791 885 coni.
819 829 950 895 Hecates,
969 836 999 882 et
1016 836 1060 882 est
1076 829 1183 882 lloeaia
1198 829 1300 888 familia
1314 829 1381 890 elusi

207 919 245 960 ax
263 919 319 974 qus
336 901 441 956 consul
457 919 482 954 a.
501 899 537 954 U.
555 903 618 958 831.
640 901 671 954 Τ.
699 901 820 954 Hessius
838 901 965 956 Saum:
985 900 1034 955 sed
1052 908 1082 954 et
1099 899 1195 957 Poeas's'
1210 901 1239 953 iu
1251 902 1381 956 monimum*

208 975 249 1030 tis
267 973 395 1044 antiquis
414 978 582 1038 coemunt,
602 973 658 1028 etsi
675 973 771 1028 minus
788 971 931 1030 nobiles.“
956 973 1025 1030 Era.
1060 971 1146 1043 Apud
1170 971 1277 1026 Gruter.
1298 991 1322 1043 p.
1336 973 1381 1033 313,

208 1049 236 1106 ὅ.
254 1043 356 1101 Pocula
374 1045 451 1111 Rufa
468 1053 662 1110 memoratum
680 1047 759 1099 Brot.
793 1059 899 1112 poenas
918 1042 963 1100 ed.
983 1043 1061 1116 Spir.
1092 1075 1125 1088 -
1149 1045 1290 1112 praefectus
1305 1050 1381 1110 rastra

208 1133 274 1184 naa,
300 1117 337 1172 de
360 1133 417 1188 quo
441 1133 469 1170 r.
488 1116 583 1188 Lipsii
609 1115 680 1169 Euo.
700 1113 778 1169 vni.
803 1115 838 1171 ad
862 1115 929 1171 Tac.
949 1115 1023 1172 Ann.
1043 1113 1068 1168 1.
1104 1115 1229 1182 „castra
1253 1115 1298 1169 ills
1321 1119 1381 1167 eraut

208 1207 226 1244 a
247 1189 286 1242 ud
304 1187 414 1242 Siluras
432 1203 596 1257 nomenque
620 1189 756 1242 fecerunt
777 1187 842 1241 loco
865 1187 946 1240 Kaer
964 1187 1068 1241 wion
1090 1188 1142 1242 vel
1159 1185 1235 1240 Kaer
1256 1186 1341 1243 Maias
1359 1177 1381 1256 ai

251 1261 310 1331 yet,
329 1259 359 1316 ls.
378 1263 403 1316 ο.
426 1259 495 1314 urbs
523 1259 648 1336 legionis
675 1259 712 1312 ad
735 1259 811 1312 laam
828 1259 874 1324 a,
901 1260 957 1314 Ust
981 1260 1013 1312 iu
1037 1258 1253 1312 Momoatrlire.
1284 1257 1381 1316 Plurimi

95 1385 97 1392 ,
211 1334 273 1388 eius
291 1333 471 1388 monimenta
488 1337 518 1385 et
534 1331 626 1384 iuscri
647 1337 682 1386 tt.
700 1347 731 1383 v.
750 1331 782 1383 in
802 1329 968 1384 Gambden's
987 1331 1140 1386 Britannia
1156 1329 1301 1402 byGibsou
1315 1327 1337 1400 p.
1346 1319 1381 1388 lli

210 1403 292 1476 sqq.“
310 1405 391 1458 Brot.
417 1429 450 1442 -
474 1349 748 1467 remordeamur
772 1409 802 1456 et
828 1403 1121 1472 quatadectaasorsa
1151 1397 1381 1470 assumamque

209 1493 238 1532 v.
257 1476 378 1532 adicit
398 1491 459 1550 asp·
477 1477 523 1534 st.
548 1491 579 1551 aa
595 1473 698 1544 ipsimi
715 1476 839 1530 tortasse
856 1489 888 1529 se
905 1473 976 1544 ipse.
1380 1499 1381 1540 ,

592 1627 784 1686 carus
818 1627 1029 1685 xxxvur.
1380 1613 1381 1622 '

292 1737 493 1804 Contractus
514 1737 633 1804 deiude
654 1739 762 1802 omnis
783 1741 949 1803 exercitus
970 1739 1032 1801 sub
1053 1737 1196 1819 pellibus
1217 1736 1332 1800 habitus

209 1820 253 1886 ad
273 1825 402 1908 reliqua
422 1825 503 1888 belli
522 1822 762 1908 perpetranda:
784 1824 942 1906 auxitque
963 1823 1075 1905 copias
1097 1821 1218 1885 Caesar
1243 1819 1334 1882 missis
1357 1835 1369 1875 s

210 1907 391 1970 Germania
412 1905 542 1972 duobus
561 1901 827 1992 legionariorum
848 1905 1006 1984 millibus,
1029 1914 1106 1967 octo
1127 1904 1324 1968 auxiliarium
1345 1919 1357 1959 c

208 1989 363 2053 hortibus
383 2009 421 2053 ao
442 1993 533 2054 mille
556 1990 733 2072 equitibus,
755 2008 898 2071 quorum
920 1987 1067 2052 adventu
1088 1991 1211 2052 nonani
1238 1984 1367 2072 legiensi

209 2074 317 2136 milite
338 2071 484 2156 suppleti
505 2081 600 2136 santi
632 2071 788 2136 cohortes
809 2071 945 2157 alaeque
968 2073 1062 2136 novis
1084 2071 1300 2138 hibernaculis
1322 1997 1381 2162 1οᾸ

209 2163 275 2235 tae,
303 2157 455 2238 quodque
481 2161 656 2218 nationum
677 2156 870 2242 ambiguum
899 2165 958 2218 aut
989 2154 1171 2219 adversum
1200 2159 1310 2228 tuerat,
1335 2151 1381 2310 iffi

209 2247 309 2320 atque
337 2243 429 2302 terro
456 2247 619 2302 vastatur.
670 2237 735 2303 Sed
762 2239 847 2301 nibil
874 2259 977 2323 aeque
1006 2258 1103 2323 quam
1130 2243 1231 2304 fames
1259 2237 1346 2320 afflige
1380 2311 1381 2316 γ

209 2320 360 2385 serendis
382 2320 534 2408 frugibus
557 2323 744 2384 incuriosos
771 2329 806 2384 et
832 2325 925 2385 omni
957 2331 1065 2386 aetate
1093 2321 1137 2386 ad
1164 2323 1282 2388 bellum
1305 2337 1338 2379 se

208 2403 304 2468 dum*
320 2413 452 2468 nostros
481 2413 682 2468 commeatus
713 2405 778 2468 sibi
800 2403 982 2472 destinanti
1033 2414 1190 2490 entesque
1217 2405 1360 2490 praeterae

208 2486 338 2552 tardius
360 2487 402 2551 ad
422 2507 536 2571 pacem
557 2489 730 2568 inclinant,
757 2491 835 2572 qnia
859 2489 963 2554 lulius
992 2427 1226 2570 Cdassicianus,
1253 2500 1373 2576 successo¹

209 2567 292 2638 Cato
313 2572 434 2636 missus
456 2582 491 2636 et
510 2571 673 2636 Suetonio
696 2571 834 2652 discors,
865 2573 988 2648 bonum
1014 2574 1189 2656 publicum
1214 2571 1336 2657 privatis
1356 2586 1374 2626 a

208 2654 403 2718 multatibus
425 2655 626 2740 impediebat
646 2655 926 2740 disperseratque,
946 2677 1071 2720 novum
1091 2651 1381 2872 legatnmopperietpp

1366 2752 1374 2788 1

1380 2885 1381 2920 1

208 2735 287 2800 dum
309 2757 380 2802 esse
401 2741 473 2802 sine
494 2740 609 2802 hostili
630 2743 683 2802 irs
704 2749 739 2802 et
759 2741 916 2824 superbia
936 2742 1077 2804 victoris
1098 2741 1277 2804 elementer
1296 2731 1365 2796 dedit

208 2823 450 2884 consulturum.
486 2821 593 2884 Simul
615 2825 651 2884 in
671 2819 796 2885 Urbem
817 2822 1003 2902 mandabat,
1025 2823 1158 2886 nullum
1169 2823 1298 2968 ¹proelio
1315 2819 1363 2878 fine

209 2913 451 2988 exspectarent,
473 2907 540 2967 nisi
560 2903 799 2969 succederetur
820 2905 994 2986 Suetonio,
1026 2909 1123 2970 cuius
1146 2927 1164 2970 a
1191 2923 1280 2970 versa
1303 2897 1376 2984 prasi

209 2992 273 3051 tati
295 2991 413 3074 ipsius,
435 3008 597 3073 prospera
618 2988 660 3051 ad
680 2991 850 3052 fortunam
872 2990 1096 3073 reipublicae
1119 2991 1289 3055 referebat

281 3112 307 3164 1.
327 3108 463 3162 eremias
481 3109 530 3166 sab
544 3109 659 3178 pellitae
678 3105 784 3162 latins
801 3114 853 3174 est,
878 3125 907 3166 v.
933 3109 968 3162 ad
987 3112 1031 3176 13,
1049 3111 1094 3175 35,
1116 3113 1141 3164 1.
1168 3141 1201 3154 ..-
1225 3097 1379 3176 reliquabat

209 3183 247 3236 cf.
267 3180 300 3235 ad
320 3181 355 3233 11.
375 3184 401 3244 t,
425 3181 497 3246 23.
524 3213 558 3224 -
583 3197 617 3234 ea
642 3181 790 3235 Germania
815 3178 890 3234 MSS.
916 3179 995 3237 Flor.
1025 3182 1112 3245 (teste
1131 3180 1233 3244 Furia)
1259 3175 1344 3232 Guell.

209 3251 589 3323 Β.11.1.ι6.οᾱᾱ.οςι.
615 3283 648 3294 -
670 3253 849 3307 miliariam
873 3249 948 3308 MSS.
969 3251 1047 3307 Flor.
1074 3251 1146 3330 fleg.
1172 3251 1242 3306 Bud.
1265 3241 1369 3324 Agacl

127 3369 133 3386 .
209 3323 286 3396 Spir.
306 3325 362 3382 lae.
384 3325 474 3378 Gron·
492 3323 565 3378 Ern-
586 3323 647 3396 sq'q.
665 3326 877 3378 miliariorum
894 3321 970 3380 MSS.
990 3323 1072 3376 Harl·
1090 3323 1174 3380 Bodl.
1194 3323 1247 3377 les.
1267 3317 1349 3374 Gueli.
1374 3383 1379 3396 ,

211 3396 275 3452 cdd.
294 3404 350 3452 cet.
370 3397 549 3450 auxiliarium
566 3396 756 3462 Batavorum,
775 3396 870 3450 Savill.
890 3394 959 3451 coll.
979 3394 1015 3452 11.
1035 3399 1063 3463 1,
1081 3397 1126 3453 53.
1153 3429 1187 3441 -
1206 3394 1308 3455 aoaaai,
1330 3384 1379 3440 mih

209 3477 254 3522 tes
271 3483 365 3521 nonae
383 3467 518 3544 legionis.
548 3469 592 3522 Cf.
613 3467 648 3521 ad
666 3485 726 3538 cap·
746 3471 791 3523 st.
811 3469 878 3522 init.

198 3571 202 3580 .
280 3541 306 3596 2.
326 3555 410 3608 usqae
429 3555 518 3609 quarn,
537 3559 565 3592 v.
585 3539 620 3592 sd
638 3537 668 3591 0.
690 3543 730 3594 to.
750 3557 778 3591 n.
798 3545 824 3597 1.
846 3573 879 3584 -
898 3539 1023 3594 serendis
1040 3539 1177 3606 inertibus
1200 3537 1348 3596 macros,

210 3609 248 3665 11.
266 3613 294 3678 l,
315 3612 356 3666 ll.
379 3641 410 3652 -
429 3612 503 3664 amai
519 3617 607 3664 aetate
624 3611 662 3662 ad
678 3611 775 3663 belham
791 3629 874 3666 aerea
892 3609 975 3668 MSS.⁸
986 3612 1055 3665 llud.
1079 3611 1179 3666 Guelf.
1200 3612 1260 3666 edd.
1271 3611 1326 3661 rus.
1343 3607 1362 3657 1.

209 3683 274 3737 Ber.
303 3681 352 3745 (ad
370 3688 456 3753 quam
476 3682 559 3735 siluit
576 3682 664 3756 Vict.)
688 3681 780 3738 Rhen·
802 3688 826 3740 1.
845 3687 870 3740 2.
889 3687 917 3741 3.
944 3701 1004 3755 sqq.
1028 3699 1127 3737 versos
1148 3681 1206 3740 MS.
1230 3682 1295 3758 Reg.
1317 3684 1341 3730 tl

210 3753 286 3826 Spir.
306 3753 383 3808 unde
400 3754 475 3806 maai
490 3760 594 3806 aestate
611 3755 649 3806 ael
665 3753 689 3806 b.
710 3771 805 3808 cerem
823 3759 898 3812 coni.
911 3755 994 3816 ,Era
1033 3754 1111 3822 „Sed
1136 3752 1339 3825 significantius
1360 3761 1371 3794 e

210 3826 284 3894 mauu
299 3832 396 3891 aetate,
415 3843 520 3896 nempe
537 3844 574 3881 ne
592 3825 729 3882 suulieres
747 3827 864 3897 quidem
883 3834 914 3882 et
932 3843 1013 3880 senes
1032 3827 1111 3882 domi
1129 3831 1304 3884 manserunt,
1320 3826 1370 3871 1¹1⁵

209 3906 321 3953 rarent.
347 3896 392 3951 Cf.
412 3914 438 3950 c.
456 3897 518 3954 ‘blf‘
540 3895 642 3952 Waltls.
663 3925 695 3936 -
716 3897 783 3952 Cato
801 3899 939 3962 Deciano,
966 3897 1002 3952 de
1020 3916 1077 3971 quo
1095 3917 1122 3952 v·
1142 3897 1179 3952 ad
1197 3916 1258 3969 cap.
1271 3897 1314 3952 sl·
1337 3907 1359 3942 ¹1·

209 3969 276 4026 init.
295 3976 324 4022 et
341 3969 408 4024 fine.
428 4001 461 4012 -
480 3970 623 4024 Sertorios
642 3969 674 4022 in
691 3968 747 4022 MS.
766 3971 848 4024 Flor.
867 3979 897 4026 et
915 3970 958 4028 ed.
977 3967 1054 4041 Spir.
1074 3972 1186 4024 susam.
1215 4003 1248 4014 -
1265 3969 1348 4021 tamn

116 4079 117 4082 =
170 4096 172 4105 ,
210 4035 363 4107 utana'v.
383 4040 419 4096 ad
436 4043 463 4104 3,
482 4047 526 4107 70,
545 4045 571 4096 l.
592 4073 625 4085 -—
644 4043 839 4098 simultatibus:
859 4045 891 4097 in
909 4043 953 4098 ed.
972 4039 1047 4114 Spir.
1067 4041 1288 4096 simulationibus·
1306 4061 1333 4074 ⁶
1349 4029 1370 4082 δι’

210 4112 305 4167 meaa
321 4113 368 4166 ira
385 4145 418 4156 -
437 4116 629 4180 emendaram,
648 4112 724 4168 hanc
740 4117 831 4168 fuisse
850 4131 972 4178 causam,
992 4132 1047 4168 cur
1060 4112 1216 4168 Suetonius
1235 4109 1346 4183 imperio

211 4191 391 4252 moreretur,
410 4185 502 4240 tradit
518 4185 637 4240 Tacitus
653 4185 725 4262 Agr.
745 4191 789 4244 16.
808 4187 894 4240 aliam
912 4185 1085 4258 paulopost
1105 4203 1168 4258 cap.
1187 4187 1232 4242 33.
1259 4211 1291 4220 -
1311 4181 1336 4232 it

210 4256 270 4308 tem
286 4257 441 4324 mandabat,
459 4276 488 4316 v.
507 4258 544 4311 ad
560 4259 597 4310 11.
616 4259 644 4320 4,
663 4260 708 4324 tt,
728 4263 752 4316 l.
787 4257 818 4312 sis
834 4257 1010 4312 arderardi.
1029 4257 1166 4314 then-n.
1186 4261 1214 4314 3.
1265 4273 1291 4326 q·
1308 4249 1357 4304 5³²²

210 4325 285 4382 MSS.
303 4329 386 4384 Flor.
404 4329 609 4400 (testatricis)
628 4330 683 4388 les.
700 4329 773 4384 Bud.
792 4329 891 4388 (laeli.
911 4328 974 4388 edd.
987 4327 1065 4402 Spir·
1078 4332 1139 4384 Put.
1162 4333 1189 4385 1.
1206 4273 1311 4387 ΆἻΜ.
1322 4319 1360 4374 dh
