2826 4792
161 173 202 240 ιι
293 257 298 272 ,
544 169 789 238 nnuman
814 169 901 238 utu.
924 168 984 238 ιιι.

158 345 222 394 mm
240 349 312 426 uss,
329 343 546 424 utOetasrgerst
563 354 594 394 ss
612 344 643 393 et
658 335 800 394 nitidiore
816 343 889 422 toga·
901 335 948 392 uti
964 341 1071 409 posset.
1097 333 1131 395 0.
1148 333 1265 406 does,
1286 352 1367 428 'quasa

108 429 110 441 ·
157 417 180 465 t.
198 428 224 465 s.
244 425 321 464 cons.
340 409 447 466 hessi.
473 417 552 480 toga,
571 425 598 466 r.
616 409 656 467 sd
673 415 701 478 1,
720 411 764 476 ta,
781 411 809 466 4.
840 414 1018 475 sastescsrst,
1043 407 1082 466 ct.
1106 408 1144 465 sd
1162 411 1207 476 11,
1231 411 1278 476 te,
1296 414 1320 466 1.
1338 439 1367 454 -

156 481 273 553 pretiis,
296 483 449 554 praemiis.
483 479 529 536 01.
548 481 613 536 ind.
631 482 671 536 11.
700 480 799 536 studia
823 481 958 550 pssitssa
983 485 1015 534 stt
1032 479 1128 535 miuus
1151 481 1265 536 decora.
1299 481 1369 534 iisse

157 563 214 610 cet.
235 551 311 608 male
329 554 392 609 inte
429 560 517 608 uncta
534 553 577 606 sic
593 553 681 608 rerba
704 553 737 606 in
761 553 823 608 stt
849 559 908 609 vat.
931 559 998 607 ants
1022 549 1160 606 Freinsh.
1196 551 1308 607 Deinde
1329 551 1370 604 ito

156 623 233 680 baad
259 627 373 691 frastra
402 625 487 702 licta.
523 623 659 696 itisceps
690 623 839 696 capisams
864 623 942 678 ooui.
978 623 1050 678 Ern.
1079 623 1157 696 quod
1182 623 1322 695 probatur
1337 625 1370 677 in

156 697 282 770 Epheso.
309 697 400 751 schol.
424 696 553 751 Darmst.
577 714 603 751 a.
623 699 705 754 1810.
729 714 760 749 ιι.
780 696 825 753 to.
852 713 883 767 p.
905 697 965 754 tae.
1002 697 1097 750 Immo
1122 695 1197 750 bane
1226 712 1257 750 se
1290 694 1371 750 habet

156 770 275 846 vulgata
293 768 383 824 lectio
401 777 433 823 et
450 767 546 840 lepide
564 767 697 844 depingit
714 767 855 821 stolidum
873 767 1038 834 claudium,
1067 767 1115 820 cui
1132 785 1192 821 nou
1217 767 1280 838 ipsi·
1300 766 1371 820 iudi·

155 843 247 908 ciusn,
269 840 320 894 aad
341 840 412 894 satis
434 847 498 894 arat
521 839 665 894 audivisse
690 837 827 910 quasdam
845 855 902 910 pro
929 839 983 893 illa
1000 855 1033 893 re
1050 839 1138 902 dicta,
1161 846 1196 892 ut
1218 837 1370 894 secundum

155 927 189 967 es
207 912 395 978 decernerem
416 908 524 966 Waut.
544 911 589 966 Gi.
609 913 653 978 tt,
671 913 689 967 1
708 917 784 965 extr.
811 911 936 978 frastra,
955 911 1019 965 sins
1036 909 1140 966 idonea
1159 908 1311 965 masarei
1328 926 1373 962 ra·
1400 961 1401 964 ,

110 986 112 996 “
153 985 246 1051 tione,
265 993 385 1048 temere,
403 991 438 1036 ut
454 986 482 1048 3,
500 985 546 1040 58·
564 986 592 1047 6,
611 987 638 1040 6.
670 983 793 1036 Frustra
818 989 846 1036 et
876 981 939 1037 sios
964 997 1051 1035 causa
1075 981 1154 1036 dixit
1177 982 1322 1105 Cio-aepad
1338 977 1373 1032 ad

1322 1067 1373 1104 saa

68 1055 73 1066 '
154 1054 213 1110 div.
231 1057 260 1122 1,
280 1057 306 1108 6.
323 1079 361 1096 -
378 1052 524 1118 capiendis
541 1070 558 1108 a
576 1053 729 1108 causidicis
745 1051 877 1122 premiis
892 1053 988 1124 posuit
1005 1054 1118 1108 modam
1135 1069 1222 1124 usqae

153 1125 289 1182 sestertio
313 1133 370 1180 cet.
408 1126 485 1193 Quae
511 1121 582 1179 sou
607 1124 760 1180 Claudiam
781 1126 870 1180 rerba
887 1125 966 1180 bene
990 1125 1146 1180 conciliari
1167 1131 1290 1196 possunt
1308 1141 1374 1178 cum

152 1198 250 1254 verbis
269 1195 349 1253 Suet.
368 1196 440 1252 Ner.
460 1201 503 1254 tt.
523 1203 636 1250 matam
652 1214 670 1249 a
686 1196 804 1252 Nerone
823 1197 922 1252 cinere
939 1194 1131 1267 temporibus,
1158 1203 1190 1250 at
1208 1195 1375 1262 litigatores

150 1285 206 1340 pro
221 1267 400 1338 patrociniis
424 1275 532 1322 emam
549 1267 708 1338 iustamque
724 1269 879 1322 mercedem
896 1269 1007 1322 dareat.
1046 1268 1215 1334 „claudius
1239 1265 1376 1337 permisit

150 1340 266 1412 aliquid
293 1356 406 1414 capere,
433 1340 483 1394 aad
506 1339 585 1393 nibil
607 1338 680 1393 certi
706 1340 869 1405 constituit,
899 1339 959 1392 nisi
986 1341 1068 1410 quasi
1091 1341 1261 1400 terminum,
1294 1337 1376 1390 ultra

151 1427 239 1484 ῃειιι
257 1410 398 1486 progredi
416 1427 475 1466 non
503 1411 617 1468 liceret.
653 1409 734 1466 Nero
757 1411 911 1466 constituit
937 1411 1036 1478 etiam,
1061 1418 1202 1482 quantum
1228 1409 1274 1463 ius
1299 1413 1376 1463 esset

149 1499 206 1554 pro
231 1497 406 1554 unoquoque
430 1499 581 1536 cumarum
603 1497 712 1560 putre
734 1481 884 1554 postulare
909 1489 939 1536 et
965 1481 1045 1548 dare,
1080 1490 1115 1536 ut
1137 1498 1234 1554 neque
1254 1477 1375 1552 patroni

171 1553 218 1610 lus
236 1555 314 1610 iusto
331 1562 432 1626 petere
450 1569 484 1606 ac
501 1570 615 1624 capere,
634 1571 654 1606 n
713 1553 794 1608 etit·
817 1561 912 1608 atores
929 1553 1027 1606 minus
1054 1571 1142 1624 quam
1170 1554 1278 1606 iustum
1298 1555 1377 1604 esset

79 1637 81 1647 '
148 1571 219 1682 {aas
242 1624 394 1698 possent.“
426 1625 498 1683 iiras.
525 1625 562 1678 ad
584 1623 662 1679 Suet.
696 1625 735 1682 ,1.
761 1623 806 1678 C.
831 1624 867 1679 ad
890 1641 915 1678 o.
934 1627 979 1680 1³.
1004 1643 1033 1678 ιι.
1053 1629 1081 1680 1.
1109 1623 1240 1680 taven-1.
1261 1624 1288 1686 1,
1310 1623 1375 1677 ffl-

148 1697 225 1750 Ptin.
245 1699 493 1784 ep.5,4.st21·
522 1695 614 1751 Gran.
639 1695 675 1751 de
701 1711 766 1767 pec.
789 1705 849 1751 vet·
869 1698 897 1764 1,
916 1696 943 1752 ὅ.
967 1711 997 1766 p·
1016 1697 1060 1754 82
1096 1705 1126 1750 et
1148 1695 1313 1750 Brammer.
1339 1692 1377 1744 do

148 1769 217 1848 iege
236 1767 337 1824 Crucis
355 1783 381 1828 c.
400 1771 427 1824 t.
446 1784 475 1838 p.
495 1771 531 1824 41
549 1785 591 1838 sq.
627 1765 747 1822 Tacitus
771 1775 869 1821 minen
886 1769 931 1832 13,
950 1768 967 1822 t
984 1784 1032 1839 pr.
1053 1767 1135 1832 dicit,
1159 1764 1289 1820 eiusdem
1313 1763 1375 1816 Ne-

74 1841 77 1850 “
147 1842 231 1966 adonis
250 1839 440 1963 tempqribpp,
450 1837 705 1962 adgktabefl'hffito
724 1837 919 1962 coalqtitatannp,
928 1853 991 1962 hisse
1009 1838 1376 1975 quisTad3capsam⁹qrqq·

168 1927 366 1964 mammos
651 1925 722 1964 ear.
797 1926 845 1962 mc
912 1925 1252 1964 cusmrasan·
1368 1945 1376 1959 .

146 2000 183 2037 su
219 1981 324 2047 icatur,
355 1979 431 2034 Sota
454 1979 580 2034 &renis
603 1979 784 2050 temporibus
811 1980 864 2036 suh
881 1979 999 2035 Nerone
1016 1982 1092 2036 iacta
1111 1997 1182 2047 esse,
1209 1925 1297 2049 eique
1315 1975 1377 2029 hoc

147 2053 199 2124 qui
220 2068 267 2105 sm
293 2051 389 2105 initiis
414 2051 548 2121 imperii,
583 2049 688 2121 qtiibm
716 2051 795 2106 Nero
828 2050 953 2106 mimum
983 2051 1052 2106 boni
1081 2049 1229 2122 Principis
1259 2049 1376 2124 egerit:

146 2123 281 2196 quamffl
300 2123 380 2178 enim
397 2119 494 2176 Taciti
512 2129 542 2175 et
560 2119 694 2176 Suetonii
711 2123 801 2178 verba
820 2121 921 2178 eodem
939 2123 1026 2178 modo
1045 2123 1111 2194 capi
1128 2121 1253 2194 possint,
1277 2135 1379 2190 quum

147 2209 233 2264 saepe
255 2193 415 2264 scriptores
438 2193 564 2247 vetitum
588 2193 695 2260 dicant,
720 2192 798 2264 quod
823 2201 904 2248 certa
931 2202 1047 2248 uotum
1072 2194 1186 2249 ratione
1205 2189 1377 2246 cohibitum

146 2267 199 2328 ait,
217 2273 318 2319 umen
336 2263 368 2317 in
386 2263 492 2335 primis
511 2279 631 2318 morere
650 2264 737 2330 iilud,
765 2264 844 2338 quod
860 2263 977 2320 Tacitus
995 2269 1041 2333 13,
1059 2267 1085 2322 i.
1113 2263 1209 2329 addat,
1233 2261 1381 2315 edversa-

55 2397 58 2404 ,
147 2342 207 2391 tam
224 2335 314 2402 ᾐιίιιι
330 2335 535 2404 Agrippinen,
560 2343 694 2407 tanquam
711 2344 777 2390 aeto
795 2336 914 2393 Giatsds's'
932 2335 989 2403 (11,
1007 2337 1052 2405 7.)
1075 2337 1317 2390 momorantur.
1340 2355 1381 2370 -

146 2423 228 2479 ,aas
245 2406 357 2477 cerasi
375 2422 414 2464 σο.
433 2407 553 2493 maus
572 2415 607 2460 ut
623 2410 670 2493 te,
688 2407 714 2493 a.
744 2423 826 2478 quen
841 2407 900 2463 ns.
918 2407 1000 2466 utor.
1028 2411 1107 2473 (test.
1126 2403 1205 2492 rien
1233 2419 1296 2489 pon
1320 2404 1383 2488 V}-

145 2477 305 2606 111ξὲ.
321 2477 580 2616 tutatast
597 2474 1382 2620 astaus,adsentatorum

145 2627 205 2677 vet.
225 2651 259 2668 ·-
277 2622 498 2691 repetundarum
513 2619 580 2698 legs
598 2628 772 2689 tenerentur,
790 2639 819 2678 r.
837 2621 875 2676 ad
891 2638 953 2692 cap.
972 2625 1000 2680 i·
1019 2639 1049 2675 n.
1067 2623 1096 2678 2.

227 2845 297 2910 Sub
317 2843 407 2910 idem
427 2853 559 2930 tempus
579 2844 808 2926 Mithridates,
841 2866 938 2928 quem
964 2846 1011 2908 im
1036 2847 1176 2910 eritasse
1196 2843 1383 2908 Armeniis

242 2927 395 2993 Caesaris
416 2931 567 2994 vinctum
587 2931 783 3008 memoravi,
812 2937 969 2992 monente
1032 2929 1133 2993 audio
1160 2931 1196 3014 in
1224 2947 1383 3014 regnum

144 3015 310 3076 remeavit
329 3015 409 3077 fisus
430 3013 662 3077 Pharasmanis
685 3014 814 3095 opibus.
857 3011 889 3074 Is
910 3032 971 3075 rex
991 3011 1100 3074 Iberis
1121 3009 1275 3093 idemque
1298 3009 1385 3072 Mi-

144 3091 303 3157 thridatis
332 3097 437 3159 irater
465 3097 651 3174 nuntiabat,
688 3093 883 3160 discordare
910 3095 1052 3158 Parthos
1085 3115 1213 3158 summa
1234 3113 1278 3158 ue
1307 3095 1386 3155 im-

144 3177 234 3258 perii
260 3175 433 3263 ambigua>
459 3181 591 3241 minora
613 3183 686 3242 sine
707 3199 788 3241 cura
808 3179 936 3242 haberi.
979 3163 1074 3242 ⁸Nem
1095 3180 1187 3248 inter
1208 3114 1386 3240 detersis

144 3259 303 3341 pleraque
323 3279 435 3332 saeva,
466 3263 524 3344 qni
552 3281 667 3324 necem
693 3265 795 3324 fratri
816 3261 988 3325 Artabano
1008 3262 1210 3348 coniugique
1231 3277 1271 3322 ac
1292 3259 1386 3321 filio

144 3344 217 3406 eius
240 3359 320 3424 prae
344 3353 511 3422 araverat,
543 3343 633 3405 unde
661 3355 768 3408 metus
791 3345 863 3409 eius
886 3347 921 3406 in
942 3350 1085 3422 ceteros,
1107 3345 1260 3406 accivere
1281 3341 1387 3403 Bar-

143 3423 262 3489 daneu.
306 3363 383 3503 lile,
411 3433 452 3487 ut
473 3433 547 3488 erat
567 3429 696 3513 magnis
717 3427 805 3490 ansis
826 3436 1013 3510 promptus,
1045 3426 1150 3489 biduo
1171 3427 1238 3488 tria
1258 3413 1389 3488 msslia

143 3506 331 3572 stadiorum
358 3506 489 3571 invadit
509 3511 728 3594 ignarumque
757 3517 792 3572 et
812 3513 1011 3573 exterritum
1034 3508 1205 3573 Gotarzen
1225 3514 1387 3591 protur-

143 3589 213 3668 bat,
252 3609 361 3674 neque
391 3599 582 3670 cunctatur,
623 3595 701 3676 quin
733 3594 903 3675 proximas
930 3595 1160 3675 praefecturas
1188 3591 1389 3672 corripiat,

143 3673 223 3737 solis
243 3673 495 3738 Seleucensibus
523 3674 786 3738 dominationem
816 3676 888 3738 eius
921 3675 1153 3738 abnuentibus.
1204 3674 1244 3736 ln
1270 3693 1390 3754 quos,

142 3763 184 3820 nt
210 3758 392 3839 patrissui
414 3776 542 3841 quoque
563 3755 760 3836 defectores,
788 3760 842 3821 ira
869 3759 975 3846 magis
997 3779 1096 3842 (ιιιιιιιι
1119 3779 1159 3821 ex
1179 3777 1244 3820 usu
1264 3775 1401 3839 praee-¹

143 3840 231 3901 senti
252 3857 408 3904 accensus
440 3841 632 3923 implicatur
660 3841 835 3905 obsidione
855 3842 950 3904 urbis
972 3840 1102 3904 validae
1123 3847 1157 3904 et
1177 3841 1401 3902 munimen-t

142 3920 188 3984 tis
210 3922 335 3986 obiecti
355 3923 461 3987 amnis
483 3941 649 4006 muroque
675 3933 709 3988 et
738 3924 978 3988 commeatibus
1006 3925 1168 3987 firmatae.
1221 3920 1401 3989 interim¹

143 4003 306 4069 Gotarzes
337 4005 508 4070 Daharum
531 4007 835 4091 Hyrcanorumque
866 4005 985 4090 opibus
1014 4013 1131 4069 auctus
1163 4005 1289 4069 beilum
1311 3993 1401 4070 ree-3

144 4097 265 4168 novat,
306 4099 504 4174 coactusque
536 4088 705 4155 Bardanes
742 4093 902 4156 omittere
945 4089 1132 4154 Seleuciam
1165 4087 1401 4168 Bactrianos,

144 4169 233 4258 apud
253 4191 386 4255 campos
406 4181 516 4235 metra
536 4175 690 4240 contulit
1400 4211 1401 4238 ι

213 4259 240 4312 1.
257 4253 316 4312 ooo
333 4255 411 4312 idssa
426 4261 547 4328 tempas:
573 4258 606 4314 in
628 4255 687 4315 118.
716 4255 815 4316 Gueli.
841 4257 898 4314 Sat
913 4255 955 4314 id
978 4262 1000 4314 t.
1026 4287 1059 4304 -
1086 4251 1278 4314 Mithridates
1300 4251 1401 4326 edm,
