2814 4792
164 197 231 267 112
558 197 800 264 ANNALIUM
821 199 909 266 Llli.
930 197 1022 264 XIV.

169 363 222 437 qui
253 364 414 420 eminent.
450 365 583 420 Ernestii
612 366 731 420 auribus
757 365 864 422 durum
887 375 951 423 erat
974 366 1021 436 oei
1044 363 1149 442 ooertt(
1167 363 1271 434 mett,
1295 369 1349 440 quia

169 436 246 490 male
265 437 459 514 coniungebat
476 435 549 492 lineo
567 437 683 492 verba.“
703 438 808 504 Woltd,
846 439 938 518 lunge
955 439 1003 512 qai
1019 438 1121 492 occulti
1145 439 1253 490 tuentio
1274 443 1351 491 testu-

170 509 235 560 soar
252 525 356 578 nempe
374 508 530 562 rebellionis
547 509 658 566 conscii.
683 510 730 565 Gi.
749 510 786 564 ad
802 515 830 576 3,
844 513 894 577 33,
914 515 940 568 2.
967 519 997 565 et
1015 511 1076 564 lud·
1095 509 1150 563 111.
1172 527 1200 566 r.
1217 511 1350 578 Appositis.

168 579 322 634 Ernestius
340 579 492 634 delendum
511 579 645 635 censebat
662 579 765 634 conscii
791 589 821 635 et
838 582 938 634 occuli
959 579 1116 636 rebellionis
1138 581 1244 635 dictum
1268 589 1297 634 ut
1315 599 1351 633 or-

167 651 254 704 csttus
270 650 329 704 odii
347 660 376 705 et
393 651 504 704 consilii
520 654 547 716 4,
565 653 590 708 7.
605 656 637 718 t,
656 653 699 709 ss.
735 651 761 705 A
778 651 947 723 llyckleialc
966 654 1105 708 omissum
1123 651 1225 706 occulti.
1242 683 1272 696 -
1287 667 1351 720 prse-

168 723 299 776 darersst
317 721 376 776 MS.
395 719 464 775 liud.
493 720 758 780 0111110123.
784 741 846 796 sqq.
880 726 1034 795 josemus
1059 723 1114 778 MS.
1139 724 1231 780 Guelt.
1253 725 1352 791 medr-

167 807 234 852 :rsre
259 793 304 849 ed.
330 791 406 864 Spir.
429 793 609 860 musmones
634 795 695 850 edd
720 795 782 852 Put.
803 802 828 852 1.
847 799 873 851 2.
899 797 963 854 Ber.
994 796 1042 868 (sd
1066 811 1150 866 quam
1182 795 1260 848 siluit
1279 797 1352 854 Victi

167 863 260 920 naen.
283 871 305 920 Ι.
326 863 371 920 Gi.
391 863 428 918 ad
446 865 552 930 1Ι,20,
571 870 595 920 1.
624 895 657 908 -
681 866 759 918 motis
781 868 903 935 senibus,
930 869 1044 934 amotis,
1068 865 1202 934 remotis,
1227 865 1352 930 submotis,

168 951 242 1006 quiae
259 937 370 990 trustra
387 936 464 988 coni.
499 935 627 993 Faernus
646 946 676 993 et
692 937 792 992 Heins.
829 939 878 994 Sic
904 947 1020 992 moretm
1042 957 1067 992 c.
1085 941 1137 994 so..
1161 937 1256 990 moueri
1278 945 1353 989 emota

167 1009 196 1072 2,
214 1009 258 1064 48.
279 1011 321 1064 11.
342 1025 386 1076 sq.
405 1007 443 1060 al
463 1006 508 1064 Gi.
528 1007 590 1062 ind.
609 1009 665 1062 111.
684 1029 714 1064 v.
738 1009 828 1065 Veris
844 1012 981 1080 eiorptr'cs'o
997 1027 1049 1078 pro
1067 1025 1148 1078 comp.
1177 1009 1212 1062 ln
1228 1008 1282 1062 its:
1295 1009 1350 1062 liud

167 1079 274 1133 senibus
291 1085 339 1132 out
356 1079 473 1144 feminis.
508 1079 596 1134 Paulo
613 1089 679 1153 post
705 1081 748 1134 ito
765 1091 831 1138 ante
849 1084 927 1154 qaum
945 1082 1083 1140 excidisse
1100 1081 1217 1154 putabat
1236 1083 1308 1136 Acid.
1328 1113 1352 1125 -

167 1149 206 1204 m
222 1151 311 1205 uictor
328 1150 479 1204 Britannus
502 1152 649 1219 (Britanni
672 1155 810 1221 victores)
836 1188 869 1201 -
893 1157 1020 1220 deleturus
1043 1161 1093 1220 est,
1121 1157 1161 1208 cf.
1184 1155 1220 1208 ad
1240 1157 1353 1221 2811.

167 1225 215 1290 Er,
234 1243 261 1278 v.
280 1223 316 1278 ad
325 1228 352 1292 2,
366 1227 412 1290 37,
427 1229 448 1278 ΙΙ
470 1227 536 1292 eti,
555 1227 600 1293 13,
618 1229 644 1283 2.
664 1233 691 1280 es
703 1225 791 1282 os'ctor
804 1228 963 1283 tristanum
976 1229 1033 1285 MS.
1047 1227 1127 1282 Flcr.
1141 1234 1214 1281 teste
1230 1225 1315 1280 Furia.
1330 1257 1354 1268 -
1379 1268 1380 1284 2

166 1296 270 1352 Petilio
289 1297 395 1352 Ceriali
413 1294 476 1351 edd.
497 1295 577 1350 Pich.
598 1315 659 1368 sqq.
679 1317 715 1354 ex
733 1301 843 1354 emend.
863 1301 965 1372 lipsii.
986 1301 1030 1356 Cf.
1052 1299 1114 1354 lnd.
1134 1299 1158 1356 1.
1177 1297 1285 1369 losephi
1300 1297 1354 1350 ltt.

168 1371 196 1434 7,
214 1371 243 1436 l,
260 1371 287 1425 2.
307 1377 336 1424 et
353 1366 409 1422 Dio
427 1369 474 1434 di,
492 1371 535 1424 ts.
554 1367 604 1423 ubi
623 1373 653 1427 0.
670 1371 789 1426 Petilius
807 1372 934 1426 cnemis
959 1372 1077 1430 dicitur.
1105 1369 1274 1439 personatus
1292 1369 1354 1424 MSS·
1379 1393 1380 1408 ¹

167 1441 249 1497 Flcr.
278 1442 362 1508 (teste
380 1439 482 1506 Furia)
512 1440 583 1498 liud.
606 1442 704 1498 Guelt'.
727 1443 773 1498 cd.
800 1441 877 1516 Spir.
914 1445 980 1498 Peto
1005 1441 1114 1499 semota·
1139 1442 1200 1497 edd
1224 1443 1280 1498 Put.
1298 1447 1318 1497 l.
1334 1443 1355 1494 1.

168 1513 232 1568 Ber.
251 1512 403 1582 (adquam
422 1511 505 1566 siluit
522 1514 612 1583 Vict.)
630 1513 721 1568 num.
744 1520 766 1570 t.
786 1517 812 1568 7.
832 1520 859 1571 3.
878 1516 943 1570 Ald.
962 1515 1097 1572 Pactoli.
1118 1513 1180 1570 cdd.
1199 1514 1273 1584 lips.
1290 1514 1356 1570 Grut

168 1584 226 1640 Sed
243 1584 339 1640 Petilii
356 1583 446 1637 iidem
465 1582 570 1638 libric
596 1589 640 1642 33.
658 1593 693 1638 ut
710 1585 777 1640 aliis
795 1587 877 1644 locis.
897 1588 1064 1654 -legiom's
1082 1602 1179 1649 mooe,
1205 1587 1239 1638 01.
1250 1583 1282 1638 ad
1297 1585 1357 1639 031

168 1657 234 1710 init·
271 1656 393 1721 legionis
410 1671 494 1707 nouos
513 1687 540 1699 -
564 1655 693 1724 interficit
714 1685 745 1696 -
765 1660 903 1712 auaritiae
921 1661 965 1714 sd.
985 1659 1063 1730 Spir.
1093 1685 1126 1698 -
1144 1657 1293 1725 prouincias
1307 1657 1357 1708 Bri·

168 1729 295 1794 unciae,
320 1743 396 1795 quom
418 1727 542 1780 orontio
565 1727 761 1782 Romanorum
785 1730 815 1782 s‘s
842 1731 937 1784 tellum
955 1737 1065 1798 egeram
1119 1727 1177 1782 uod
1203 1727 1358 1805 intelligitur

168 1817 205 1854 ex
223 1799 270 1864 iis,
290 1815 362 1869 quae
381 1815 442 1868 cap.
462 1801 506 1854 31.
531 1799 624 1854 relata
648 1809 722 1854 sunt
759 1801 909 1858 Praeterea
932 1802 1076 1857 Decianus
1095 1747 1184 1855 datus
1209 1807 1358 1870 procurator

167 1872 308 1940 pecunias
326 1887 343 1922 a
361 1867 483 1923 Claudio
500 1871 684 1942 principibus
701 1873 906 1928 Britannorum
924 1873 1054 1951 gratuic
1073 1872 1198 1926 creditas
1222 1872 1253 1924 in
1275 1871 1358 1922 liscum

168 1940 328 2019 redigebat,
357 1949 387 1994 et
409 1937 517 1994 Seneca
543 1943 652 1996 centies
676 1951 796 2000 centena
823 1945 1010 2000 denariorum
1059 1943 1126 1998 illia
1155 1941 1358 2020 grandifacere
1380 1961 1381 1994 ι

170 2011 324 2088 collocata,
341 2019 375 2064 ut
392 2013 511 2088 gravius
530 2013 688 2083 acciperet,
706 2015 796 2073 sirnul
813 2018 982 2088 repetierat.
1044 2033 1095 2070 uas
1114 2015 1279 2088 praecipuas
1302 2011 1359 2066 belli
1380 2021 1381 2046 t

90 2078 98 2092 ⁸
167 2100 265 2138 causas
283 2083 375 2136 fuisse
399 2079 490 2134 tradit
513 2080 569 2136 Dic
587 2086 633 2149 ut,
651 2087 677 2140 2.
714 2083 770 2140 Sed
788 2089 937 2162 graviores
959 2087 1172 2160 propioresque
1197 2083 1359 2139 hauddubie

166 2157 290 2210 fuerunt
306 2153 430 2207 avaritia
449 2160 479 2208 et
496 2153 621 2209 iniurias
640 2172 727 2224 supra
744 2171 769 2208 0.
779 2161 825 2214 31.
844 2167 1020 2214 memoratae
1039 2167 1069 2212 et
1083 2157 1153 2236 Agr
1166 2159 1259 2213 1330.
1271 2159 1310 2213 31.
1325 2157 1358 2210 ii.

168 2223 333 2350 B-trspslps's't
350 2221 408 2350 lips.
427 2221 523 2278 Gucli.
544 2223 606 2280 edd.
625 2223 703 2298 Spir.
722 2225 813 2284 Rheu-
832 2231 859 2286 2.
878 2233 904 2286 3.
929 2247 991 2303 sqq.
1019 2229 1121 2285 trmss't
1146 2229 1208 2284 edd.
1226 2228 1283 2284 Fut
1302 2230 1323 2282 1.
1337 2228 1357 2280 1.

147 2309 153 2316 ¹
192 2311 232 2354 er·
300 2310 346 2352 en·
384 2335 392 2352 Ο

579 2459 770 2522 CAPUT
810 2459 983 2518 xxxtts.
1179 2453 1211 2502 ¹,
1381 2396 1382 2488 i

250 2572 297 2638 At
316 2570 497 2638 Suetonius
525 2575 610 2638 mira
641 2573 827 2635 constantia
857 2569 983 2635 medios
1015 2573 1105 2635 inter
1126 2570 1239 2638 hostes
1258 2565 1361 2633 Loudi-

169 2657 262 2720 ninm
283 2661 446 2741 perrexit,
479 2665 697 2746 cognomento
725 2655 858 2737 quidem
884 2657 1035 2718 coloniae
1056 2675 1123 2716 non
1156 2653 1292 2744 insigne,
1318 2646 1362 2711 sed

168 2743 265 2824 copia
286 2743 534 2828 negotiatorum
565 2749 599 2803 ct
620 2747 863 2802 commeatuum
893 2741 1034 2800 maximo
1055 2739 1198 2802 celebre.
1240 2737 1286 2800 lbi
1309 2753 1363 2796 sm·

68 2893 77 2902 ,
168 2823 300 2911 biguus,
323 2843 364 2884 an
385 2825 479 2885 illam
501 2822 613 2888 sedem
635 2821 719 2884 bello
743 2820 916 2908 deligeret,
938 2822 1182 2904 circumspecta
1197 2824 1362 2902 infrequen-

169 2909 217 2969 tia
238 2907 356 2969 militis
377 2907 521 2988 satisque
542 2905 674 2991 magnis
692 2901 898 2966 documentis
920 2907 1144 2966 temeritatem
1159 2905 1269 2968 Petilii
1287 2917 1362 2964 cuer-

169 2991 282 3069 citum,
305 2991 404 3052 unius
425 2988 543 3071 oppidi
565 2986 684 3051 damno
705 3005 841 3048 servare
851 2988 1010 3050 universa
1025 2990 1163 3052 statuite
1186 2987 1364 3070 nequelleto

170 3083 205 3134 et
225 3073 373 3150 lacrimis
394 3073 558 3134 auxilium
579 3073 651 3134 eius
672 3072 842 3132 orantium
863 3071 968 3132 flexus
990 3081 1053 3149 est,
1079 3073 1161 3152 quin
1193 3071 1287 3134 daret
1303 3083 1363 3149 pro-

169 3155 324 3217 tectionis
344 3156 371 3216 s'
396 3175 477 3217 num
499 3165 535 3220 et
556 3155 752 3216 comitantes
773 3154 810 3213 in
831 3160 960 3233 partem
981 3155 1122 3240 agminis
1145 3155 1315 3236 acciperet
1336 3146 1364 3206 Si

169 3257 251 3320 quos
273 3176 417 3299 imbeiits
438 3258 533 3300 sexus
556 3245 614 3300 aut
635 3240 719 3298 fessa
739 3243 828 3297 actas
859 3237 912 3297 vel
933 3236 1000 3299 loci
1020 3234 1164 3300 dulcedo
1191 3238 1365 3305 attinuerat,

169 3321 211 3381 ab
239 3319 336 3381 hoste
363 3321 514 3402 oppressi
540 3329 627 3382 sunt.
678 3317 800 3381 Eadem
828 3317 937 3381 clades
975 3321 1161 3404 municipio
1190 3313 1366 3382 Verulamio

169 3405 245 3476 init,
283 3405 363 3484 quia
394 3401 542 3480 barbari,
577 3403 709 3464 omissis
738 3401 879 3463 castellis
904 3401 1144 3486 praesidiisque
1177 3401 1365 3470 militarium,

144 3539 145 3546 ,
169 3483 259 3567 quod
280 3485 489 3547 uberrimum
512 3485 669 3568 spolianti
684 3480 979 3551 etdeiendentibus
996 3487 1156 3565 intutum,
1168 3487 1249 3549 lacti
1262 3475 1367 3567 praeda

170 3567 369 3630 stationum
394 3587 511 3654 segnes
543 3567 709 3651 petebant
750 3563 802 3628 sd
830 3569 1038 3652 septuaginta
1065 3570 1172 3632 millia
1201 3570 1321 3634 civium
1341 3567 1368 3621 el

169 3651 339 3712 sociorum
366 3651 421 3728 iis,
450 3669 534 3731 qnae
555 3650 751 3726 memoravi,
780 3650 862 3712 locis
883 3649 1043 3714 cecidisse
1063 3653 1226 3715 constitit.
1268 3648 1368 3728 Nequi

169 3734 259 3795 enim
280 3751 400 3814 cepere
420 3741 479 3794 aut
499 3751 621 3795 venum
644 3730 724 3794 dare
745 3730 879 3796 aliudve
899 3732 997 3816 ·quod
1026 3735 1105 3798 belli
1136 3733 1368 3802 commercium,

164 3813 227 3878 'sed
248 3815 374 3892 caedes,
395 3815 555 3898 patibula,
577 3817 683 3902 ignes,
713 3835 840 3896 mucce,
862 3824 1031 3899 tamquam
1058 3811 1368 3898 redditum-suppli-

169 3899 259 3960 cium
280 3918 318 3961 ac
340 3907 517 3983 praerepta
538 3899 677 3964 interim
697 3899 836 3978 ultione,
858 3899 1068 3966 festinabant.

242 4019 267 4073 1.
284 4013 393 4070 medios
409 4015 486 4071 ister
504 4014 596 4071 iceles
616 4015 696 4072 MSS.
715 4015 794 4070 Flor.
813 4015 902 4084 (teste
920 4017 1014 4087 vict)
1031 4017 1102 4076 Bud.
1122 4015 1184 4072 edd.
1204 4011 1368 4088 spinther.

168 4091 197 4150 2.
214 4089 242 4144 3.
262 4103 325 4158 sqq.
343 4087 453 4142 medius
470 4087 493 4142 ι’.
513 4086 540 4142 t.
559 4087 619 4142 MS.
638 4087 737 4144 Guelf.
758 4088 820 4145 edd
839 4088 903 4146 Put.
923 4094 949 4146 1.
968 4091 995 4146 2.
1014 4090 1080 4148 Ber.
1099 4089 1194 4144 ithess.
1215 4094 1240 4146 1.
1260 4119 1292 4131 -
1308 4083 1370 4136 Los-

170 4157 291 4223 ds‘sas'um,
319 4160 406 4213 etiarn
423 4175 503 4213 nunc
519 4159 605 4229 copto
622 4159 834 4229 negotiatorum
850 4165 879 4213 st
902 4165 1102 4216 commeatuum
1123 4159 1246 4214 monime
1268 4156 1369 4216 cetetro

58 4287 65 4294 ,
169 4229 247 4302 quod
264 4228 424 4284 modinum
440 4231 473 4284 in
490 4231 548 4288 MS.
566 4231 607 4286 ne
631 4265 650 4298 .,
666 4229 839 4284 Lunds'm'rsm
855 4229 1009 4288 Ammiano
1027 4235 1116 4288 staro.
1134 4235 1179 4298 21,
1199 4235 1227 4298 1,
1244 4233 1272 4288 8.
1289 4225 1370 4292 218,

171 4303 196 4357 7.
215 4303 262 4368 28,
279 4304 308 4369 3,
326 4303 353 4355 7.
392 4298 542 4360 sessoris
644 4319 660 4358 s
684 4301 716 4356 in
738 4301 808 4358 hist.
836 4303 908 4358 eccl.
926 4306 954 4371 2,
971 4307 998 4363 3.
1018 4307 1045 4362 l.
1065 4307 1089 4363 7.
1111 4309 1244 4360 et'nuuc
1265 4297 1370 4356 Maior
