2854 4798
172 219 232 286 118
564 215 809 281 ANNALIUM
841 215 926 282 ΜΒ.
949 215 1041 281 XIIl.

170 387 227 444 Dio
243 387 290 454 63,
310 387 352 442 11.
374 387 416 442 18.
436 380 518 439 Suet.
537 384 606 441 Ner.
626 387 670 442 11.
707 383 791 440 lilius
808 383 872 440 edd.
900 393 961 439 vet.
987 389 1055 438 ante
1082 389 1112 438 et
1129 379 1231 436 Aelius
1248 379 1313 435 edd.
1339 395 1422 432 rec,

192 467 237 515 ost
254 459 332 528 Lips.
352 473 444 527 usque
462 457 497 510 ad
514 455 588 510 Ern.
620 459 769 523 ',‚Romani
786 457 868 512 Helii
885 457 962 510 nulli
982 463 1059 520 sunt,
1078 462 1112 508 ut
1130 454 1229 508 docuit
1247 454 1349 508 Periz.
1377 451 1422 501 in

170 480 254 606 irig.
274 528 341 585 diss.
360 545 388 598 p.
409 546 448 585 m.
468 531 528 584 151.
549 535 578 583 st
595 529 631 582 de
649 530 746 583 numis
765 546 842 583 cone.
861 548 892 600 p.
912 531 974 588 135.
993 536 1023 582 at
1040 526 1091 579 bic
1111 534 1154 581 est
1177 541 1284 580 nomen
1304 525 1422 577 Grae-⁴

5 573 26 650 l·
102 648 105 655 .
172 621 237 657 cum
257 599 389 655 liberti.“
407 601 477 654 Erit.
498 633 532 644 -
569 599 615 654 rei
632 601 773 666 familiari
791 600 937 669 Principio
954 601 987 652 in
1005 598 1079 651 Asia
1098 597 1237 666 impositi,
1261 616 1289 650 v·
1310 595 1357 647 ad
1381 597 1422 652 4,.

171 677 215 731 15.
236 683 266 728 et
285 675 329 740 11,
347 675 391 730 66.
412 705 445 715 -
482 672 525 725 At
549 668 595 724 lis
619 671 697 725 MSS.
723 673 803 726 Flor.
833 671 931 728 Guell.
961 671 1022 727 edd.
1050 668 1128 740 Spir.
1156 667 1236 721 Pich.
1257 686 1321 737 sqq.
1374 665 1422 724 ab

169 743 305 798 titius.
324 743 395 797 Bud.
416 745 452 798 ab
470 742 510 796 iis
529 742 591 799 edd.
611 743 674 801 Put.
694 747 721 799 1.
740 747 766 800 1.
787 744 851 802 Ber.
873 752 903 798 et
922 750 976 796 cet.
996 750 1062 795 ante
1081 739 1161 796 Pieli.
1177 773 1209 782 -
1237 737 1422 793 Narcissus

172 816 439 883 cumutamus,
458 816 493 869 de
512 815 592 867 euius
615 815 727 883 iurgiis
750 816 813 871 adv.
834 815 939 884 Agrip.
959 813 1058 879 retuli,
1086 815 1143 878 (11,
1162 813 1207 867 51.
1228 819 1256 865 et
1273 810 1339 875 65.)
1370 807 1422 860 asi

170 896 284 944 mortem
302 888 414 957 agitur,
432 895 519 958 quam
538 886 594 938 sibi
613 887 718 940 intulit
736 888 768 939 in
787 889 924 958 sepulcro
937 885 1116 946 Messalinae,
1135 883 1161 937 si
1173 884 1304 936 zonarae
1324 880 1422 932 fides

5 943 6 982 ³
105 993 108 1002 ·
170 959 310 1035 bibenda.
354 959 525 1014 Narcissum
552 955 702 1012 bominem
728 958 906 1014 ditissimum
930 966 1001 1010 tunc
1027 957 1058 1011 in
1076 955 1201 1009 thermis
1221 952 1422 1023 Campaniae}

171 1039 382 1158 commoragqm
402 1047 463 1084 esse
482 1037 596 1084 etanta
614 1038 740 1084 mortem
766 1049 835 1106 egre
858 1031 920 1082 ium
944 1029 1058 1082 facinus
1082 1026 1205 1082 edidisse
1229 1024 1322 1078 tradit
1346 1022 1422 1074 Dio

170 1106 216 1171 68,
234 1107 278 1162 31.
303 1123 316 1157 s
378 1101 457 1156 idem
481 1102 525 1166 64,
544 1103 572 1156 3.
599 1119 664 1156 eum
688 1119 830 1155 unacum
877 1101 944 1166 elio,
973 1099 1107 1154 Patrobio
1126 1106 1155 1152 et
1173 1097 1297 1150 lsocusta
1317 1095 1417 1146 iussu

172 1175 279 1231 Galbae
298 1174 434 1230 occisum.
473 1171 607 1240 adigitur
633 1173 673 1226 ud
689 1180 804 1228 mortem
826 1171 885 1227 MS.
904 1171 976 1249 Agr.

638 1315 662 1370 C
680 1315 705 1372 A
722 1316 743 1367 P
761 1317 788 1370 U
806 1313 832 1369 'l'
868 1313 920 1370 ll.

253 1409 434 1509 ibaturque
454 1427 491 1488 in
513 1421 642 1503 caedes,
671 1425 737 1486 nisi
759 1425 917 1488 Afranius
939 1423 1069 1488 Burrus
1099 1432 1132 1484 et
1158 1421 1315 1484 Annaeus
1342 1420 1413 1482 Se-

73 1539 78 1554 =
172 1529 254 1574 neca
276 1511 409 1573 obviam
432 1511 548 1573 issent.
592 1509 641 1570 Hi
662 1517 813 1572 rectores
834 1509 1073 1588 imperatoriae
1094 1509 1250 1570 iuventae
1271 1513 1307 1568 et
1329 1503 1415 1581 (ra-

172 1614 249 1657 rum
276 1596 312 1664 in
338 1595 498 1656 societate
527 1591 718 1674 potentiae)
746 1589 1093 1672 concordesdiversa
1121 1598 1195 1650 arte
1223 1609 1263 1650 ex
1292 1607 1415 1669 aequo

173 1677 351 1760 pollebant,
373 1677 504 1740 Burrus
525 1675 730 1738 militaribus
752 1676 843 1735 curis
866 1675 1094 1737 etseveritate
1106 1690 1250 1750 morum,
1272 1671 1414 1734 Seneca

172 1762 363 1846 praeceptis
385 1760 596 1842 eloquentiae
624 1767 659 1821 et
688 1759 846 1820 comitate
873 1759 1022 1828 honesta,
1055 1759 1210 1819 iuvantes
1239 1757 1414 1832 invicem,

173 1863 237 1927 quo
260 1843 392 1906 facilius
413 1843 581 1906 lubricam
602 1841 771 1923 Principis
794 1848 946 1916 aetatem,
969 1842 997 1903 si
1018 1841 1181 1904 virtutem
1203 1858 1414 1921 aspernare-

174 1935 244 2007 tur,
265 1926 497 2010 voluptatibus
519 1927 685 1988 concessis
707 1926 904 1989 retinerent.
938 1922 1115 1986 Certamen
1137 1925 1272 2005 utrique
1293 1942 1414 1983 unum

174 2018 247 2076 erat
268 2018 386 2074 contra
405 2010 566 2072 ferociam
576 2007 796 2092 Agrippinae,
817 2027 900 2090 quae
922 2008 1050 2069 cunctis
1071 2007 1179 2068 malae
1199 2004 1414 2069 dominatio-

174 2095 227 2156 nis
258 2091 473 2175 cupidinibus
500 2095 646 2179 flagrans
668 2091 821 2153 babebat
851 2093 886 2153 in
919 2091 1072 2172 partibus
1101 2089 1302 2166 Pallantem,
1334 2109 1413 2170 quo

175 2185 313 2243 auctore
340 2173 502 2238 Claudius
530 2175 658 2257 nuptiis
684 2175 820 2238 incestis
848 2183 882 2236 et
914 2173 1094 2256 adoptione
1127 2174 1267 2235 exitiosa
1295 2183 1411 2234 semet

198 2266 395 2323 erverterat.
439 2256 505 2320 Sed
526 2277 633 2339 neque
654 2255 787 2320 Neroni
808 2259 897 2319 infra
919 2277 1034 2319 servos
1056 2259 1241 2346 ingenium,
1271 2267 1306 2319 et
1326 2256 1412 2317 Pal-

174 2279 242 2423 ina,
281 2344 375 2405 tristi
406 2359 486 2404 arro
512 2342 604 2403 antia
636 2339 772 2402 modum
806 2341 922 2404 liberti
955 2360 1126 2427 egressus,
1165 2337 1315 2401 taedium
1351 2341 1413 2400 sui

175 2435 339 2492 mouerat
381 2425 471 2506 Prop
506 2444 561 2486 am
585 2432 696 2486 tamen
719 2443 831 2486 omnes
854 2426 890 2486 in
912 2443 985 2485 eam
1005 2423 1160 2486 honores
1183 2423 1412 2484 cumulaban-

175 2517 252 2589 tur,
284 2510 484 2595 signumque
512 2525 606 2571 more
635 2508 776 2570 militiae
803 2509 932 2590 petenti
967 2509 1105 2570 tribuno
1139 2503 1232 2568 dedit
1259 2525 1411 2568 carruae

176 2609 306 2664 uernis.
350 2591 489 2654 Decreti
518 2601 553 2655 et
580 2610 600 2652 a
622 2598 740 2652 senatu
762 2589 828 2653 duo
849 2592 999 2669 lictores,
1020 2591 1206 2652 flaminium
1218 2587 1411 2660 Claudiale,

127 2720 130 2730 ·
179 2675 279 2739 simul
302 2672 442 2737 Claudio
465 2675 657 2737 censorium
678 2677 777 2737 funus
799 2682 834 2736 et
854 2693 930 2736 mox
952 2671 1171 2736 consecratio.
1239 2707 1244 2714 ·

246 2797 274 2850 1.
294 2793 448 2863 ibaturque
466 2791 499 2845 in
517 2791 627 2859 caeder,
646 2790 708 2844 uisi
728 2819 758 2830 -
779 2791 886 2844 obrium
904 2791 1007 2857 issent,
1027 2793 1065 2848 of.
1086 2791 1148 2846 lnd.
1170 2791 1224 2845 111.
1243 2810 1271 2847 v.
1296 2791 1411 2846 Verbo-

178 2881 236 2920 run
254 2863 386 2932 Medii,
405 2869 431 2922 1.
452 2895 486 2908 -·
523 2863 583 2916 nisi
601 2862 745 2928 Afranius
771 2861 828 2920 MS.
849 2863 947 2918 Guelf.
974 2864 1038 2919 edd.
1064 2861 1157 2917 liban.
1177 2867 1202 2920 1.
1222 2867 1248 2920 3.
1269 2881 1332 2934 sqq.
1377 2863 1411 2915 ni

177 2937 244 3005 Afr.
263 2934 322 2993 MS.
340 2934 412 3014 Agr.
441 2933 502 2990 uiri
527 2934 678 3002 Affrouius
700 2937 814 3058 primae
837 2934 901 2988 edd.
921 2969 954 2979 -
991 2935 1032 2988 Hi
1056 2943 1182 2989 rectores
1200 2935 1422 3004 imperatoriae¹

178 3009 319 3071 iuventae,
338 3011 376 3062 cf·
396 3009 440 3074 11,
459 3009 485 3064 8.
505 3008 552 3064 11.
572 3015 601 3061 et
619 3005 683 3059 lnd.
720 3005 758 3058 11.
777 3023 805 3059 v.
824 3007 979 3061 Abstractu
996 3023 1050 3075 pru
1069 3023 1161 3064 coner.
1183 3039 1214 3050 -
1251 3023 1354 3060 rorum
1374 3009 1409 3059 in

43 3075 45 3083 ¹
84 3133 88 3142 ,
122 3109 125 3116 ’
177 3080 314 3136 comicie
338 3079 485 3148 polentiae
512 3078 564 3144 (ut
581 3082 609 3146 l,
626 3081 670 3134 39·
689 3080 732 3134 56·
751 3082 779 3143 6,
798 3079 857 3144 111.)
891 3078 954 3135 edd.
982 3077 1076 3149 Ryck.
1095 3079 1170 3133 Latl.
1197 3079 1261 3150 Rip.
1283 3095 1346 3150 sqq.
1370 3097 1410 3133 ex

179 3148 292 3210 emend.
311 3149 402 3204 Boxh.
437 3166 536 3220 purum
554 3150 587 3218 in
605 3149 741 3204 sodetute
756 3149 885 3218 potentio
904 3157 930 3203 et
949 3146 1007 3206 ltss.
1019 3149 1101 3203 Flor.
1120 3158 1186 3204 test.
1206 3149 1286 3204 Pich.
1304 3167 1411 3220 purum

178 3222 212 3278 in
229 3222 366 3278 aedituis
385 3227 414 3275 cl
427 3221 559 3290 potentia
577 3219 657 3274 MSS.
676 3223 739 3274 Vnt.
759 3223 839 3278 1863.
867 3224 945 3279 1864.
973 3221 1090 3298 Βες.Α
1129 3265 1136 3279 .
1165 3223 1208 3279 ed.
1229 3222 1308 3294 Spir.
1335 3223 1409 3290 puri

178 3295 212 3349 iu
240 3293 377 3349 tenetote
398 3294 581 3364 potentieque
605 3291 684 3349 MSS.
710 3293 774 3346 Vat.
805 3295 885 3350 1368.
912 3293 1011 3348 Guell.
1037 3293 1080 3346 Bu
1136 3313 1152 3348 a
1176 3312 1215 3348 m.
1234 3311 1291 3350 seo.
1319 3292 1422 3347 Harl„

178 3363 261 3423 nott.
281 3364 334 3420 les·
355 3364 417 3420 edd.
442 3365 505 3421 Put.
530 3370 555 3420 1.
574 3366 601 3420 1.
630 3364 695 3418 Ber.
719 3363 813 3418 Rhen.
836 3369 859 3418 1.
894 3365 964 3433 puri
987 3365 1019 3418 iu
1042 3364 1180 3420 societate
1194 3365 1325 3435 potentia
1343 3365 1407 3418 MS.

179 3437 250 3493 Bud.
269 3455 285 3490 a
303 3455 342 3491 m.
360 3453 407 3508 pr.
429 3435 492 3491 edd.
510 3433 603 3490 Rben.
622 3438 649 3492 1.
669 3439 695 3492 3.
723 3435 789 3492 Ald.
808 3435 879 3504 puri
897 3437 929 3508 in
951 3453 1008 3490 soc.
1026 3437 1171 3506 potentiae
1189 3437 1253 3492 edd.
1272 3439 1354 3510 lips.
1378 3447 1409 3491 et

104 3517 106 3520 ’
179 3517 235 3564 cet.
254 3506 364 3563 anteli
388 3505 433 3564 ck.
463 3523 560 3560 rurum
576 3505 609 3560 in
626 3507 761 3560 sodetute
778 3513 805 3561 et
822 3508 952 3577 potentia
971 3525 1048 3566 corr.
1067 3510 1147 3565 Brot.
1175 3511 1258 3563 Haud
1272 3507 1407 3574 absurde,

179 3588 213 3636 ut
232 3579 271 3634 sit
289 3577 320 3634 ἕν
337 3577 385 3633 δια
403 3578 484 3632 δυοῖν
501 3595 556 3650 pro
574 3577 721 3646 societate,
740 3594 812 3649 quae
831 3579 981 3634 coniuncta
994 3587 1036 3633 eet
1055 3597 1116 3634 eum
1131 3581 1274 3650 potentia,
1294 3580 1407 3635 Woitls.

180 3685 213 3696 -
233 3649 348 3706 diverso
366 3655 440 3713 urle,
460 3651 498 3704 cf.
517 3650 553 3704 ad
570 3652 599 3716 1,
617 3653 663 3707 611.
685 3677 718 3690 -
754 3651 869 3706 Burrus
887 3651 1062 3707 militaribus
1080 3653 1205 3706 curis-
1225 3660 1252 3707 et
1271 3653 1407 3707 comitate

179 3721 311 3778 banerias
329 3721 428 3792 „quod
446 3719 554 3775 Recine
572 3721 604 3774 in
621 3723 714 3792 praei.
734 3723 910 3799 tragoediae,
930 3725 979 3778 cui
996 3741 1102 3778 nomen
1120 3725 1192 3778 fecit
1204 3725 1408 3786 Britannicus,

180 3793 278 3850 reddit
291 3809 350 3863 pur
367 3809 420 3847 aon
438 3793 602 3862 experieris
626 3794 699 3848 daus
724 3795 766 3848 les
791 3811 880 3850 armes
897 3803 924 3849 et
938 3811 996 3865 par
1013 3796 1039 3849 le
1062 3803 1127 3850 tour
1145 3797 1280 3866 agricole
1299 3797 1334 3850 de
1353 3813 1407 3848 son

180 3865 280 3937 capric.
317 3865 399 3920 Hanc
416 3879 490 3919 vero
506 3863 685 3942 tragoediam
711 3867 860 3943 egregiam
887 3867 966 3992 leqat
990 3875 1020 3922 et
1038 3877 1198 3940 comparet,
1222 3871 1274 3940 qui
1291 3869 1408 3922 intelli-

181 3955 253 4063 gere
269 3937 355 4004 velit,
374 3937 559 4008 quantusssit
576 3935 703 4004 Tacitus,
731 3957 819 4008 quam
843 3940 919 3993 sensi
938 3957 973 3993 us
992 3939 1115 4007 validus,
1140 3957 1228 4012 quam
1246 3941 1408 3994 fecundan-

202 4011 227 4063 is
247 4009 376 4086 ingen-iis
393 4007 541 4078 locuples:
559 4017 756 4080 quantumque
774 4011 807 4064 in
819 4019 953 4065 veterum
969 4011 1135 4067 imitatione
1154 4014 1192 4066 sit
1203 4012 1407 4076 emolumenti,

182 4079 275 4142 discet
292 4077 514 4136 mirabundus.“
530 4080 615 4134 Brol.
635 4111 668 4122 -
688 4079 822 4135 lubricum
839 4081 987 4152 Principia
1005 4089 1135 4151 mutem,
1158 4102 1187 4137 v.
1206 4081 1243 4138 ad
1260 4085 1287 4150 6,
1306 4087 1350 4142 13.

252 4171 280 4227 1.
343 4170 388 4223 lue
406 4168 607 4224 deminutionis
624 4169 805 4238 cupidinibus
823 4170 882 4225 MS.
900 4172 984 4229 Harl.
1003 4191 1021 4226 ι
1038 4191 1156 4230 mace.
1174 4172 1239 4230 edd.
1259 4171 1337 4245 Spir.
1361 4173 1407 4238 (in

183 4255 240 4312 qua
257 4240 331 4297 mule
364 4241 430 4296 Ber.
447 4239 541 4295 Rben.
562 4245 587 4305 1.
606 4241 684 4312 Lips.
704 4261 766 4315 sqq.
801 4243 888 4298 malis
907 4245 1115 4299 dmuinationia
1133 4264 1156 4302 c.
1175 4244 1233 4298 MS.
1248 4244 1321 4298 Bud.
1342 4244 1405 4300 edd.

183 4310 276 4370 liban.
296 4313 324 4373 1.
344 4317 370 4370 3.
391 4309 455 4369 Ald-
475 4311 589 4385 (tryph.
627 4313 709 4368 nubs
734 4315 974 4372 dominationibus
1000 4333 1025 4373 c.
1044 4317 1123 4376 1188,
1142 4316 1241 4372 Guelf.
1274 4316 1324 4384 (in
1348 4305 1408 4386 quo
