2872 4786
178 189 321 260 curur
341 190 501 258 xxxrv.
523 189 665 260 xxxv.
686 190 739 266 u.
761 191 802 260 0.
822 193 958 300 0101.
982 193 1019 260 ο.
1041 193 1109 277 ee.)
1188 197 1250 278 un

24 380 78 416 eeu
87 361 210 434 optime
227 376 344 432 quoque
361 360 486 431 ponitur
506 377 574 414 cum
598 359 755 416 infinitivo.
782 359 820 413 ci.
846 359 1036 428 et1,ee,1.
1074 361 1181 431 Quodsi
1204 363 1250 417 vis

26 443 127 488 tamen
154 435 305 498 miscerent,
332 431 494 486 necessario
522 449 590 486 cum
614 432 735 486 Heinsio
760 430 944 486 scribendum
969 433 1028 488 erit
1051 433 1251 499 facesserent.“

28 504 138 560 Waun
157 537 191 550 -
228 510 374 556 tentantem
391 503 485 556 meriti
501 518 634 571 supremo,
651 511 786 569 mortem,
812 505 852 567 (r.
870 503 907 558 ad
924 509 951 568 1,
968 507 997 572 8,
1017 505 1055 570 1.)
1078 505 1162 574 requi,
1182 521 1250 560 cum

27 579 136 631 marito
162 577 239 631 mori
263 575 440 647 cupientem.
460 606 494 618 -
530 577 672 640 exemptum
694 575 801 628 Arriae
822 573 931 627 naeu:
967 575 1068 641 „huto
1094 593 1169 631 uxor
1190 579 1250 632 fuit

28 649 171 702 Caecinae
189 647 276 710 Paeti,
309 647 360 718 qui
386 645 567 716 inpartibus
586 646 671 700 Furii
690 645 811 702 Camilli
829 643 1015 702 Scriboniani
1042 645 1250 714 0001010116-

27 719 109 773 dium
138 726 169 773 et
193 720 258 772 ideo
284 718 318 772 ael
343 725 469 771 mortem
494 724 582 771 actus.
612 718 672 784 (Cf.
700 718 763 775 lnd.
783 717 806 770 1.
834 734 865 770 r.
884 717 1004 786 Fur-iae.)
1040 718 1097 774 Sed
1121 721 1251 790 praeivit

27 809 105 846 uxor
127 797 245 845 aeterno
269 797 299 843 et
323 788 454 843 inaudito
483 789 614 859 exemplo
636 779 730 844 s¹emet
754 788 887 844 feriendo
906 798 1129 861 extractumque
1146 793 1251 868 pugio·

28 881 94 916 nem
113 862 221 915 marito
239 861 322 932 porri
345 857 418 914 endo
437 877 504 914 cum
520 875 593 918 voce
610 860 704 921 Puete,
722 875 774 912 uon
792 861 873 913 dotet.
898 878 926 912 r.
946 861 1020 918 Plin.
1041 879 1088 932 ep.
1107 866 1135 928 3,
1155 865 1199 918 16.
1219 869 1251 917 et

28 933 154 987 Martini.
182 937 209 998 1,
237 936 279 989 tt.
331 951 353 985 n
376 933 490 986 zonara
517 938 559 996 11,
578 935 604 989 9.
629 939 659 986 et
684 931 778 984 Dione
795 933 841 996 eo,
861 931 904 988 16.
923 933 1021 987 eadem
1039 933 1179 998 narratio,
1199 933 1274 988 sed·

28 1011 169 1074 compta
192 1003 281 1057 verbe
304 1003 378 1067 idos),
397 1009 451 1056 uui
470 1000 521 1057 otia
538 1003 622 1070 dirui.
659 1002 757 1057 Scribe
775 1002 850 1067 1606,
869 1007 964 1067 linire,
983 1002 1031 1059 οὐκ
1050 1005 1131 1073 eilyui.
1167 1001 1250 1058 lianc

27 1077 148 1129 Arrium
167 1073 341 1130 scholiastes
360 1076 392 1127 in
410 1076 471 1128 rita
488 1075 581 1129 Persii
599 1082 681 1130 notet
700 1075 790 1128 fuisse
808 1081 909 1146 poetae
928 1074 977 1128 illi
995 1084 1154 1152 cognatam.
1187 1077 1250 1142 Ipse
1344 1103 1347 1118 ι

28 1147 149 1210 Persius,
169 1147 276 1217 inquit,
295 1147 383 1200 decem
400 1147 459 1211 sere
477 1147 556 1198 unnie
573 1161 667 1200 mmme
684 1146 802 1198 dilectur
820 1161 838 1198 u
855 1145 941 1200 Pueto
962 1145 1083 1200 Tirueeu
1101 1153 1150 1211 eet,
1169 1145 1249 1212 (nam

29 1221 70 1274 ita
88 1217 207 1294 corrige
225 1218 403 1289 scripturam
421 1215 480 1270 MS.
500 1217 637 1272 Vulcanii
666 1214 870 1284 upetieitirueeu
894 1225 935 1270 eet
964 1226 993 1272 et
1010 1219 1161 1294 vulgatum
1178 1217 1251 1286 opud

32 1291 182 1345 Thraecum
200 1290 253 1353 eet)
271 1291 312 1342 itu
328 1297 358 1342 ut
374 1289 603 1358 peregrinaretur
619 1302 718 1356 quoque
733 1304 787 1340 cnon
800 1303 831 1340 eo
848 1286 1006 1355 uiiqnunriu,
1027 1296 1171 1356 cugnmum
1190 1289 1250 1341 eine

28 1361 144 1414 Arrium
166 1375 273 1415 atrorem
299 1359 442 1414 taimen
469 1359 588 1426 lipsien.
625 1359 753 1426 „Exstat
779 1359 887 1412 Romae
911 1360 943 1412 in
966 1358 1062 1415 hortis
1084 1359 1249 1414 Ludovisiis

45 1451 83 1518 'r
109 1433 261 1556 sffnorgm
289 1431 592 1555 e-msrmorsfflesssem
612 1449 678 1486 eum
696 1432 781 1485 Peato
806 1437 1034 1553 rgpreesentuns,
1061 1432 1249 1556 utbylidemt'
1305 1425 1309 1434 '

31 1511 123 1632 1100312.
144 1520 214 1630 ὃιὸὶ
215 1575 235 1627 1·
243 1503 488 1641 Ρόἳιξιὲιηῐιίῖω,
509 1521 537 1630 le
558 1504 750 1634 0600100061.
778 1518 807 1558 r.
847 1517 942 1556 emer
959 1519 1050 1578 segm,
1066 1517 1104 1556 no
1125 1523 1156 1555 ι.
1182 1509 1248 1556 ste.

454 1725 645 1801 c'erur
688 1746 822 1801 xxxv.

113 1869 204 1934 Tum
230 1885 427 1972 progressus
455 1872 491 1933 in
520 1873 687 1952 porticum
719 1873 790 1935 illic
817 1893 837 1934 a
869 1879 1043 1955 quaestore
1075 1871 1248 1954 reperitur

30 1955 186 2018 laetitiae
207 1975 358 2036 propior,
380 1955 457 2036 quia
479 1953 673 2015 Helvidium
695 1974 857 2040 generum
882 1974 978 2018 suum
1001 1955 1097 2017 ltalia
1119 1963 1248 2016 tanturn

31 2039 145 2100 arceri
159 2045 372 2124 cognoverat.
405 2035 552 2118 Accepto
575 2035 695 2100 dehinc
716 2045 850 2100 senatus
866 2039 1028 2114 consulto,
1050 2036 1249 2100 Helvidium

32 2130 65 2182 et
90 2121 300 2184 Demetrium
335 2122 371 2181 in
406 2120 595 2181 cubiculum
627 2118 765 2198 inducit,
808 2123 1037 2204 porrectisque
1073 2122 1249 2202 utriusque
1306 2140 1309 2147 ·

31 2203 164 2265 brachii
184 2205 289 2282 venis,
320 2211 492 2285 postquam
520 2221 676 2264 cruorem
705 2203 834 2284 effudit,
868 2204 1007 2266 humum
1033 2221 1135 2285 super
1156 2222 1250 2286 spar-

30 2307 125 2373 gens,
145 2288 283 2370 propius
306 2294 426 2348 roceto
448 2295 635 2367 quaestore,
667 2281 833 2364 Libumua,
863 2288 983 2369 inquit,
1016 2303 1087 2348 tort
1117 2303 1249 2347 erueres

30 2387 117 2432 runs.
161 2367 291 2449 Specta,
312 2371 452 2432 iuuenis!
485 2377 518 2429 et
544 2387 632 2430 omen
653 2369 775 2450 quidem
800 2371 850 2432 dii
867 2369 1076 2448 prohibeam
1115 2377 1248 2431 ceterum
1316 2409 1323 2425 ,

30 2455 64 2516 in
86 2473 126 2514 eu
148 2461 287 2535 tempure
307 2461 404 2514 uatus
424 2469 469 2528 es,
492 2450 607 2532 quibus
626 2452 754 2532 firmare
776 2454 906 2514 animum
928 2453 1080 2532 expediet
1101 2461 1249 2515 conetur·
1358 2519 1360 2527 .

32 2536 120 2600 ritus
148 2537 307 2616 exemplis.
359 2535 439 2597 Post
467 2531 666 2595 lentitudine
694 2535 801 2595 exitus
833 2551 951 2620 graves
979 2534 1148 2598 cruciatus
1170 2537 1247 2598 affe-

31 2627 141 2698 rente,
163 2619 323 2682 obversus
348 2619 384 2678 in
410 2615 619 2680 Demetrium
641 2619 773 2664 *m*

103 2740 129 2792 1.
158 2751 177 2787 u
200 2741 338 2805 quererere
361 2734 498 2789 consulis.
531 2731 575 2786 Gt.
601 2731 951 2806 1101310060-
986 2731 1113 2790 iustitiae
1135 2731 1249 2804 propior

31 2807 120 2861 vultu
138 2814 168 2861 et
185 2815 286 2883 gestu,
304 2807 369 2860 Ere.
401 2804 446 2859 Gi.
466 2805 529 2859 lud.
547 2803 602 2860 111.
627 2824 655 2861 v.
700 2805 892 2873 ompurutiunie
909 2823 972 2860 neue
989 2809 1016 2873 2,
1035 2805 1062 2863 6.
1084 2839 1115 2849 -
1151 2807 1248 2860 Hetei-

32 2879 103 2932 dium
122 2893 257 2944 generum,
277 2896 305 2930 r.
325 2875 389 2932 lud.
410 2877 432 2930 1.
454 2907 486 2918 -
522 2876 692 2940 Demetrium,
711 2896 740 2930 v.
760 2893 792 2930 ca
815 2917 821 2931 .
841 2880 884 2934 34.
905 2905 939 2917 -
966 2878 1151 2946 porrectisque
1168 2877 1246 2936 MSS.

31 2951 114 3007 Flor.
134 2949 221 3015 (teste
239 2947 331 3014 Pich.)
351 2948 448 3002 Gueli.
467 2947 520 3001 alii
541 2964 588 3011 ue,
615 2947 677 3002 edd.
696 2948 762 3002 Ber.
786 2894 834 3012 666
852 2967 938 3021 quam
957 2949 1040 3003 siluit
1057 2949 1148 3016 vict.)
1166 2949 1247 3007 Pich.

32 3040 93 3093 sqq.
129 3020 268 3088 porrectie
285 3021 348 3074 sine
365 3019 469 3090 copula
487 2965 550 3076 066.
569 3019 633 3071 Put.
650 3023 675 3074 1.
689 3021 717 3074 1.
735 3018 827 3074 Rhen.
849 3023 872 3074 1.
894 3024 918 3076 1.
939 3023 967 3076 3.
986 3020 1053 3075 Att.
1071 3021 1148 3091 Lips.
1161 3022 1247 3076 Grut.

30 3093 218 3160 productieque
234 3089 314 3146 MSS.
333 3090 403 3167 Reg.
422 3089 494 3166 Agr.
515 3089 558 3144 ed.
578 3089 654 3161 Spir.
689 3090 755 3142 Viri
782 3090 860 3143 docti
878 3093 989 3145 frustra
1013 3093 1248 3160 0001000000το-

31 3165 173 3232 sectisque,
197 3162 369 3230 periurisque,
392 3161 585 3228 permotieque.
622 3160 715 3214 Paulo
739 3169 805 3230 post
829 3162 905 3226 fudit
931 3162 989 3216 MS.
1015 3163 1085 3240 Agr.
1105 3163 1148 3220 ed.
1168 3163 1189 3220 S
1211 3165 1247 3222 ir.
1307 3167 1310 3178 '

32 3235 146 3300 effundit
164 3232 220 3291 MS.
242 3232 341 3287 Gueli.
362 3231 440 3304 quod
457 3248 515 3285 non
534 3230 704 3304 displicebat
721 3231 867 3285 Ernestio.
904 3231 1005 3287 humum
1021 3250 1101 3302 cuper
1118 3183 1248 3301 (01661.

31 3305 86 3360 111.
112 3323 142 3362 v.
161 3305 443 3372 1600000111000000.
465 3302 506 3368 t.)
533 3317 668 3371 spargens
686 3318 725 3359 sc.
746 3318 889 3356 cruorem.
926 3320 1007 3372 super
1025 3321 1174 3376 uspmgene
1190 3309 1249 3363 MS.

30 3377 103 3454 Agr.
121 3390 353 3444 superaspergene
370 3374 427 3433 MS.
448 3372 545 3430 Guelt.
564 3388 776 3442 superspergere
802 3373 858 3431 MS.
877 3375 948 3432 Butl.
1278 3373 1284 3382 '

102 3483 130 3538 3.
157 3481 332 3546 Liburnae,
362 3480 459 3548 inurit,
490 3478 566 3533 Ioui
589 3478 810 3546 Literutori,
840 3483 878 3537 cf.
898 3481 933 3536 ed
952 3483 996 3550 15,
1015 3485 1060 3550 ot,
1078 3487 1106 3542 3.
1136 3485 1248 3558 xiptss.

32 3556 76 3620 62,
95 3555 142 3610 16.
162 3561 235 3608 extr.
264 3561 294 3608 et
316 3550 490 3606 scholiastes
516 3550 660 3605 luvenalis
685 3549 722 3605 ad
744 3549 802 3606 Sat.
825 3555 854 3616 ⁵,
873 3553 916 3610 36.
941 3555 1024 3607 cuius
1050 3555 1137 3610 verba
1163 3567 1248 3616 eunte

35 3625 168 3693 Tlerueeu,
193 3624 300 3678 Nerone
320 3623 350 3676 in
373 3629 467 3675 eenutu
491 3622 524 3675 de
545 3638 607 3675 nece
632 3623 727 3675 mutrie
751 3632 860 3689 ugente,
885 3639 959 3693 quum
978 3625 1056 3694 quusi
1072 3629 1250 3694 parricidium

32 3699 163 3749 dumnune
181 3711 195 3747 e
213 3696 291 3749 curio
306 3711 336 3746 ee
352 3695 539 3762 proripuisset,
568 3693 649 3746 etium
675 3709 708 3746 es
729 3694 804 3750 Urbe
828 3695 1008 3761 dioecesiani,
1034 3705 1177 3752 uccueutee
1194 3701 1249 3754 cri·

32 3769 102 3820 mine
119 3767 270 3820 muitetutie
287 3765 397 3832 defendi
414 3781 443 3817 ee
460 3766 546 3818 notuit
563 3764 743 3832 secundusque
760 3781 844 3819 venua
859 3767 984 3834 praebuit
1005 3783 1196 3838 conversusque
1212 3772 1251 3826 ud

34 3839 195 3892 Demetrium
219 3837 359 3908 cynicum:
391 3837 508 3890 Nonne
525 3835 648 3904 (inquit)
671 3835 739 3888 tibi
763 3837 882 3890 litare
899 3839 1026 3892 videor
1043 3839 1125 3894 lovi
1143 3841 1249 3895 Libe·

32 3909 174 3963 rarorit
199 3909 288 3976 Atque
311 3908 432 3974 singuiis
457 3907 552 3960 umiee'e
577 3908 671 3960 oeeuiu
693 3907 809 3972 offerens
836 3910 1003 3964 ereremum
1029 3917 1078 3966 eet.
1123 3913 1250 3967 Liburnae

33 3981 111 4040 MSS.
131 3979 210 4036 Flor.
230 3979 320 4047 (teste
337 3979 427 4044 vict.)
447 3978 531 4032 Gorh.
550 3977 631 4032 Bodl.
650 3978 679 4045 (a
696 3995 736 4031 m.
756 3977 824 4047 sec.)
850 3979 921 4033 Bud.
950 3979 1112 4053 «168ρί0.
1132 3983 1246 4039 Walth.

33 4055 144 4106 litemue
171 4047 229 4105 MS.
257 4050 354 4108 Gueli.
381 4049 443 4104 etlrl.
471 4050 533 4102 Put.
555 4053 577 4104 1.
597 4051 624 4105 1.
645 4066 707 4121 sqq.
744 4051 870 4116 „Verum
893 4068 952 4104 non
977 4059 1068 4136 patet,
1095 4055 1167 4124 quid
1193 4056 1248 4109 sihi

32 4125 106 4180 velit
125 4122 344 4188 coniunctiruse
363 4121 408 4174 nil
426 4121 505 4175 enim
524 4118 735 4176 exhortationis
754 4121 839 4178 inest.
866 4121 960 4176 immo
978 4122 1032 4176 xlla
1051 4125 1112 4195 ipsa
1131 4127 1249 4202 rangeri·

34 4198 79 4250 nis
97 4195 175 4250 unde
192 4191 320 4249 'l'heesee
339 4190 413 4246 libat
436 4191 500 4245 lori
518 4190 693 4246 liberatori.
722 4189 767 4246 Gt.
789 4193 877 4249 verbe
893 4191 1040 4266 xiphilini
1057 4197 1103 4264 ut,
1119 4199 1155 4254 16
1173 4203 1220 4252 ex*
