<?xml version="1.0" encoding="UTF-8"?>
<!DOCTYPE html PUBLIC "-//W3C//DTD XHTML 1.0 Transitional//EN"
    "http://www.w3.org/TR/xhtml1/DTD/xhtml1-transitional.dtd">
<html xmlns="http://www.w3.org/1999/xhtml" xml:lang="en" lang="en">
 <head>
  <title>
</title>
<meta http-equiv="Content-Type" content="text/html;charset=utf-8" />
  <meta name='ocr-system' content='tesseract 3.04.00' />
  <meta name='ocr-capabilities' content='ocr_page ocr_carea ocr_par ocr_line ocrx_word'/>
</head>
<body>
  <div class='ocr_page' id='page_1' title='image "./ccorneliitaciti26tacigoog_0302.png"; bbox 0 0 2800 4790; ppageno 0'>
   <div class='ocr_carea' id='block_1_1' title="bbox 224 193 1231 276">
    <p class='ocr_par' dir='ltr' id='par_1_1' title="bbox 224 193 1231 276">
     <span class='ocr_line' id='line_1_1' title="bbox 224 193 1231 276; baseline 0.002 -14"><span class='ocrx_word' id='word_1_1' title='bbox 224 197 369 264; x_wconf 80' lang='lat' dir='ltr'>CAPUT</span> <span class='ocrx_word' id='word_1_2' title='bbox 389 195 483 262; x_wconf 86' lang='grc' dir='ltr'><strong>ΧΧΙ.</strong></span> <span class='ocrx_word' id='word_1_3' title='bbox 506 195 616 262; x_wconf 87' lang='lat' dir='ltr'><strong>XXII.</strong></span> <span class='ocrx_word' id='word_1_4' title='bbox 644 194 697 276; x_wconf 85' lang='grc' dir='ltr'><strong>(Δ.</strong></span> <span class='ocrx_word' id='word_1_5' title='bbox 719 193 758 262; x_wconf 86' lang='lat' dir='ltr'><strong>U.</strong></span> <span class='ocrx_word' id='word_1_6' title='bbox 773 197 823 263; x_wconf 78' lang='lat'><strong>1³.</strong></span> <span class='ocrx_word' id='word_1_7' title='bbox 845 195 884 262; x_wconf 77' lang='lat' dir='ltr'><strong>A.</strong></span> <span class='ocrx_word' id='word_1_8' title='bbox 905 193 943 260; x_wconf 85' lang='lat' dir='ltr'><strong>C·</strong></span> <span class='ocrx_word' id='word_1_9' title='bbox 959 197 1026 276; x_wconf 83' lang='grc'><strong>60.)</strong></span> <span class='ocrx_word' id='word_1_10' title='bbox 1168 197 1231 264; x_wconf 75' lang='lat' dir='ltr'><strong>tot</strong></span> 
     </span>
    </p>
   </div>
   <div class='ocr_carea' id='block_1_2' title="bbox 44 361 1307 651">
    <p class='ocr_par' dir='ltr' id='par_1_2' title="bbox 44 361 1307 651">
     <span class='ocr_line' id='line_1_2' title="bbox 45 361 1229 436; baseline -0.005 -16"><span class='ocrx_word' id='word_1_11' title='bbox 45 367 71 420; x_wconf 85' lang='grc' dir='ltr'><strong><em>ιλ</em></strong></span> <span class='ocrx_word' id='word_1_12' title='bbox 81 361 175 436; x_wconf 70' lang='grc' dir='ltr'><strong><em>μολπάν</em></strong></span> <span class='ocrx_word' id='word_1_13' title='bbox 190 364 286 420; x_wconf 86' lang='lat' dir='ltr'><strong>intell.</strong></span> <span class='ocrx_word' id='word_1_14' title='bbox 303 370 414 434; x_wconf 80' lang='lat' dir='ltr'><strong>portes,</strong></span> <span class='ocrx_word' id='word_1_15' title='bbox 441 371 475 418; x_wconf 88' lang='lat' dir='ltr'><strong>ut</strong></span> <span class='ocrx_word' id='word_1_16' title='bbox 492 363 524 418; x_wconf 89' lang='lat'><strong>0.</strong></span> <span class='ocrx_word' id='word_1_17' title='bbox 541 365 585 421; x_wconf 75' lang='lat' dir='ltr'><strong>li.</strong></span> <span class='ocrx_word' id='word_1_18' title='bbox 605 371 635 418; x_wconf 88' lang='lat' dir='ltr'><strong>et</strong></span> <span class='ocrx_word' id='word_1_19' title='bbox 653 362 821 434; x_wconf 80' lang='lat' dir='ltr'><strong>saepissime</strong></span> <span class='ocrx_word' id='word_1_20' title='bbox 846 380 896 434; x_wconf 84' lang='lat' dir='ltr'><strong>ep.</strong></span> <span class='ocrx_word' id='word_1_21' title='bbox 917 361 977 419; x_wconf 81' lang='lat' dir='ltr'><strong>(iic.</strong></span> <span class='ocrx_word' id='word_1_22' title='bbox 998 371 1029 420; x_wconf 89' lang='lat' dir='ltr'><strong>et</strong></span> <span class='ocrx_word' id='word_1_23' title='bbox 1045 361 1129 418; x_wconf 82' lang='lat' dir='ltr'><strong>elios.</strong></span> <span class='ocrx_word' id='word_1_24' title='bbox 1157 363 1229 436; x_wconf 78' lang='lat' dir='ltr'><strong>eloq.</strong></span> 
     </span>
     <span class='ocr_line' id='line_1_3' title="bbox 44 433 1307 558; baseline -0.002 -68"><span class='ocrx_word' id='word_1_25' title='bbox 44 437 162 506; x_wconf 79' lang='lat' dir='ltr'><strong>primitias</strong></span> <span class='ocrx_word' id='word_1_26' title='bbox 177 435 253 491; x_wconf 80' lang='lat' dir='ltr'>MSS.</span> <span class='ocrx_word' id='word_1_27' title='bbox 274 435 358 492; x_wconf 82' lang='lat' dir='ltr'><strong>Gorb.</strong></span> <span class='ocrx_word' id='word_1_28' title='bbox 378 433 449 512; x_wconf 74' lang='lat' dir='ltr'><strong>Agr.</strong></span> <span class='ocrx_word' id='word_1_29' title='bbox 472 468 503 480; x_wconf 94' lang='lat'>-</span> <span class='ocrx_word' id='word_1_30' title='bbox 539 435 647 490; x_wconf 81' lang='lat' dir='ltr'><strong>Groect&#39;</strong></span> <span class='ocrx_word' id='word_1_31' title='bbox 664 435 795 502; x_wconf 79' lang='lat' dir='ltr'><strong>amictus,</strong></span> <span class='ocrx_word' id='word_1_32' title='bbox 815 449 869 504; x_wconf 85' lang='lat' dir='ltr'><strong>quo</strong></span> <span class='ocrx_word' id='word_1_33' title='bbox 883 451 936 558; x_wconf 68' lang='lat' dir='ltr'><strong>per</strong></span> <span class='ocrx_word' id='word_1_34' title='bbox 959 450 1008 491; x_wconf 84' lang='lat' dir='ltr'><strong>eos</strong></span> <span class='ocrx_word' id='word_1_35' title='bbox 1026 435 1089 490; x_wconf 81' lang='lat' dir='ltr'><strong>dieo</strong></span> <span class='ocrx_word' id='word_1_36' title='bbox 1103 435 1232 508; x_wconf 63' lang='lat' dir='ltr'><strong>plerique</strong></span> <span class='ocrx_word' id='word_1_37' title='bbox 1304 469 1307 478; x_wconf 53' lang='lat'><em>2</em></span> 
     </span>
     <span class='ocr_line' id='line_1_4' title="bbox 46 505 1232 580; baseline 0.001 -20"><span class='ocrx_word' id='word_1_38' title='bbox 46 509 192 576; x_wconf 70' lang='lat' dir='ltr'><strong>incesserunt,</strong></span> <span class='ocrx_word' id='word_1_39' title='bbox 211 515 269 562; x_wconf 81' lang='lat' dir='ltr'><strong>tum</strong></span> <span class='ocrx_word' id='word_1_40' title='bbox 288 507 483 580; x_wconf 73' lang='lat' dir='ltr'><strong>exoleveronte</strong></span> <span class='ocrx_word' id='word_1_41' title='bbox 501 505 736 572; x_wconf 81' lang='lat' dir='ltr'><strong>„Graecanicum</strong></span> <span class='ocrx_word' id='word_1_42' title='bbox 754 505 868 562; x_wconf 88' lang='lat' dir='ltr'><strong>scilicet</strong></span> <span class='ocrx_word' id='word_1_43' title='bbox 907 521 941 560; x_wconf 89' lang='lat' dir='ltr'><strong>oc</strong></span> <span class='ocrx_word' id='word_1_44' title='bbox 959 515 1106 564; x_wconf 86' lang='lat' dir='ltr'><strong>certamen</strong></span> <span class='ocrx_word' id='word_1_45' title='bbox 1123 507 1183 562; x_wconf 80' lang='lat' dir='ltr'><strong>tuit</strong></span> <span class='ocrx_word' id='word_1_46' title='bbox 1201 514 1232 561; x_wconf 87' lang='lat' dir='ltr'><strong>et</strong></span> 
     </span>
     <span class='ocr_line' id='line_1_5' title="bbox 46 575 1231 651; baseline 0.003 -20"><span class='ocrx_word' id='word_1_47' title='bbox 46 579 91 634; x_wconf 80' lang='lat' dir='ltr'><strong>ileo</strong></span> <span class='ocrx_word' id='word_1_48' title='bbox 106 579 308 634; x_wconf 77' lang='lat' dir='ltr'><strong>iniciebantur</strong></span> <span class='ocrx_word' id='word_1_49' title='bbox 324 579 401 651; x_wconf 86' lang='lat' dir='ltr'><strong>pleri</strong></span> <span class='ocrx_word' id='word_1_50' title='bbox 443 597 459 634; x_wconf 94' lang='lat' dir='ltr'><strong>e</strong></span> <span class='ocrx_word' id='word_1_51' title='bbox 476 577 512 632; x_wconf 82' lang='lat' dir='ltr'><strong>od</strong></span> <span class='ocrx_word' id='word_1_52' title='bbox 529 594 642 632; x_wconf 87' lang='lat' dir='ltr'><strong>morem</strong></span> <span class='ocrx_word' id='word_1_53' title='bbox 658 577 815 646; x_wconf 83' lang='lat' dir='ltr'><strong>Graccum,</strong></span> <span class='ocrx_word' id='word_1_54' title='bbox 833 575 949 649; x_wconf 74' lang='lat' dir='ltr'><strong>palliati</strong></span> <span class='ocrx_word' id='word_1_55' title='bbox 967 578 1177 650; x_wconf 82' lang='lat' dir='ltr'><strong>crepidatique,</strong></span> <span class='ocrx_word' id='word_1_56' title='bbox 1196 587 1231 634; x_wconf 90' lang='lat' dir='ltr'><strong>ut</strong></span> 
     </span>
    </p>
   </div>
   <div class='ocr_carea' id='block_1_3' title="bbox 46 647 1337 724">
    <p class='ocr_par' dir='ltr' id='par_1_3' title="bbox 46 647 1337 724">
     <span class='ocr_line' id='line_1_6' title="bbox 46 647 1337 724; baseline 0.001 -23"><span class='ocrx_word' id='word_1_57' title='bbox 46 653 122 721; x_wconf 79' lang='lat' dir='ltr'><strong>stipsi</strong></span> <span class='ocrx_word' id='word_1_58' title='bbox 138 651 338 722; x_wconf 72' lang='lat' dir='ltr'><strong>Imperatores,</strong></span> <span class='ocrx_word' id='word_1_59' title='bbox 372 667 408 704; x_wconf 80' lang='lat' dir='ltr'><strong>re</strong></span> <span class='ocrx_word' id='word_1_60' title='bbox 448 657 545 722; x_wconf 87' lang='lat' dir='ltr'><strong>partes</strong></span> <span class='ocrx_word' id='word_1_61' title='bbox 570 651 602 701; x_wconf 91' lang='lat' dir='ltr'><strong>in</strong></span> <span class='ocrx_word' id='word_1_62' title='bbox 626 647 673 702; x_wconf 82' lang='lat' dir='ltr'><strong>his</strong></span> <span class='ocrx_word' id='word_1_63' title='bbox 698 647 836 724; x_wconf 72' lang='lat' dir='ltr'>agonibus</span> <span class='ocrx_word' id='word_1_64' title='bbox 861 656 980 722; x_wconf 73' lang='lat' dir='ltr'><strong>egentes</strong></span> <span class='ocrx_word' id='word_1_65' title='bbox 997 649 1046 705; x_wconf 84' lang='lat' dir='ltr'><strong>rel</strong></span> <span class='ocrx_word' id='word_1_66' title='bbox 1064 650 1102 703; x_wconf 90' lang='lat' dir='ltr'><strong>iis</strong></span> <span class='ocrx_word' id='word_1_67' title='bbox 1119 651 1230 722; x_wconf 83' lang='lat' dir='ltr'><strong>praesi·</strong></span> <span class='ocrx_word' id='word_1_68' title='bbox 1332 666 1337 682; x_wconf 83' lang='lat'><em>·</em></span> 
     </span>
    </p>
   </div>
   <div class='ocr_carea' id='block_1_4' title="bbox 21 719 1302 3627">
    <p class='ocr_par' dir='ltr' id='par_1_4' title="bbox 21 719 1302 3627">
     <span class='ocr_line' id='line_1_7' title="bbox 44 719 1230 793; baseline 0.001 -20"><span class='ocrx_word' id='word_1_69' title='bbox 44 721 117 776; x_wconf 82' lang='lat' dir='ltr'><strong>tentes</strong></span> <span class='ocrx_word' id='word_1_70' title='bbox 132 721 230 777; x_wconf 84' lang='lat' dir='ltr'><strong>habitu</strong></span> <span class='ocrx_word' id='word_1_71' title='bbox 248 722 370 779; x_wconf 82' lang='lat' dir='ltr'><strong>Graeco·</strong></span> <span class='ocrx_word' id='word_1_72' title='bbox 408 720 487 774; x_wconf 82' lang='lat' dir='ltr'><strong>lllud</strong></span> <span class='ocrx_word' id='word_1_73' title='bbox 504 719 594 773; x_wconf 80' lang='lat' dir='ltr'><strong>tradit</strong></span> <span class='ocrx_word' id='word_1_74' title='bbox 610 719 667 790; x_wconf 75' lang='lat' dir='ltr'><strong>Dio</strong></span> <span class='ocrx_word' id='word_1_75' title='bbox 683 724 728 787; x_wconf 82' lang='grc'><strong>60,</strong></span> <span class='ocrx_word' id='word_1_76' title='bbox 747 722 774 774; x_wconf 76' lang='lat' dir='ltr'><strong>i.</strong></span> <span class='ocrx_word' id='word_1_77' title='bbox 793 720 829 774; x_wconf 87' lang='lat' dir='ltr'><strong>de</strong></span> <span class='ocrx_word' id='word_1_78' title='bbox 851 719 983 775; x_wconf 75' lang='lat' dir='ltr'><strong>Nerones</strong></span> <span class='ocrx_word' id='word_1_79' title='bbox 1007 719 1040 775; x_wconf 75' lang='grc' dir='ltr'><strong>ἓν</strong></span> <span class='ocrx_word' id='word_1_80' title='bbox 1055 737 1089 792; x_wconf 79' lang='grc' dir='ltr'><strong>γε</strong></span> <span class='ocrx_word' id='word_1_81' title='bbox 1106 723 1138 793; x_wconf 79' lang='grc' dir='ltr'><strong>πῇ</strong></span> <span class='ocrx_word' id='word_1_82' title='bbox 1155 721 1230 774; x_wconf 78' lang='lat' dir='ltr'><strong>Nec-</strong></span> 
     </span>
     <span class='ocr_line' id='line_1_8' title="bbox 43 784 1231 865; baseline 0.001 -22"><span class='ocrx_word' id='word_1_83' title='bbox 43 789 99 846; x_wconf 83' lang='grc' dir='ltr'><strong><em>πο’λιι</em></strong></span> <span class='ocrx_word' id='word_1_84' title='bbox 112 795 154 847; x_wconf 81' lang='lat' dir='ltr'><strong>tol</strong></span> <span class='ocrx_word' id='word_1_85' title='bbox 163 791 340 848; x_wconf 71' lang='grc' dir='ltr'><strong><em>παντάπασιν</em></strong></span> <span class='ocrx_word' id='word_1_86' title='bbox 356 789 560 865; x_wconf 68' lang='lat' dir='ltr'><strong>tlsozaxiettn.</strong></span> <span class='ocrx_word' id='word_1_87' title='bbox 578 790 613 846; x_wconf 78' lang='lat' dir='ltr'><strong>toi</strong></span> <span class='ocrx_word' id='word_1_88' title='bbox 625 807 654 844; x_wconf 82' lang='lat' dir='ltr'><strong>ss</strong></span> <span class='ocrx_word' id='word_1_89' title='bbox 664 787 720 864; x_wconf 76' lang='grc' dir='ltr'><strong>γὰρ</strong></span> <span class='ocrx_word' id='word_1_90' title='bbox 738 784 809 844; x_wconf 75' lang='grc' dir='ltr'><strong><em>ἄλλοι</em></strong></span> <span class='ocrx_word' id='word_1_91' title='bbox 823 785 984 858; x_wconf 70' lang='grc' dir='ltr'><strong><em>Ἑλληνικῶς</em></strong></span> <span class='ocrx_word' id='word_1_92' title='bbox 1007 793 1055 844; x_wconf 75' lang='grc' dir='ltr'><strong><em>κοιλ</em></strong></span> <span class='ocrx_word' id='word_1_93' title='bbox 1078 787 1159 853; x_wconf 74' lang='grc' dir='ltr'><strong><em>αὐτὸς</em></strong></span> <span class='ocrx_word' id='word_1_94' title='bbox 1184 793 1231 846; x_wconf 81' lang='grc' dir='ltr'><strong><em>κοιλ</em></strong></span> 
     </span>
     <span class='ocr_line' id='line_1_9' title="bbox 44 860 1232 950; baseline 0.001 -35"><span class='ocrx_word' id='word_1_95' title='bbox 44 860 184 926; x_wconf 83' lang='grc' dir='ltr'><strong><em>ολουνόντες</em></strong></span> <span class='ocrx_word' id='word_1_96' title='bbox 200 866 229 918; x_wconf 84' lang='grc' dir='ltr'><strong>ολ</strong></span> <span class='ocrx_word' id='word_1_97' title='bbox 246 864 365 937; x_wconf 76' lang='grc' dir='ltr'><strong>διῃτᾶτο,</strong></span> <span class='ocrx_word' id='word_1_98' title='bbox 399 866 447 918; x_wconf 79' lang='lat' dir='ltr'><strong>ecl</strong></span> <span class='ocrx_word' id='word_1_99' title='bbox 464 863 496 917; x_wconf 76' lang='grc' dir='ltr'><strong>ἔν</strong></span> <span class='ocrx_word' id='word_1_100' title='bbox 511 863 566 936; x_wconf 78' lang='grc' dir='ltr'><strong>μὲν</strong></span> <span class='ocrx_word' id='word_1_101' title='bbox 588 867 647 926; x_wconf 73' lang='grc' dir='ltr'><strong>ταῖς</strong></span> <span class='ocrx_word' id='word_1_102' title='bbox 674 867 722 928; x_wconf 78' lang='grc' dir='ltr'><strong>πῆς</strong></span> <span class='ocrx_word' id='word_1_103' title='bbox 749 865 886 935; x_wconf 77' lang='grc' dir='ltr'><strong><em>μουσικῆς</em></strong></span> <span class='ocrx_word' id='word_1_104' title='bbox 900 863 1032 936; x_wconf 67' lang='lat' dir='ltr'><strong>temptate</strong></span> <span class='ocrx_word' id='word_1_105' title='bbox 1053 863 1166 950; x_wconf 77' lang='grc' dir='ltr'><strong><em>λμοὶπιον</em></strong></span> <span class='ocrx_word' id='word_1_106' title='bbox 1183 865 1232 919; x_wconf 75' lang='lat' dir='ltr'><strong>tol</strong></span> 
     </span>
     <span class='ocr_line' id='line_1_10' title="bbox 43 931 1230 1010; baseline 0.003 -24"><span class='ocrx_word' id='word_1_107' title='bbox 43 935 147 1004; x_wconf 73' lang='grc' dir='ltr'><strong><em>ιρηπῖδος</em></strong></span> <span class='ocrx_word' id='word_1_108' title='bbox 164 933 194 990; x_wconf 71' lang='grc' dir='ltr'><strong>ἐν</strong></span> <span class='ocrx_word' id='word_1_109' title='bbox 211 933 243 988; x_wconf 76' lang='lat' dir='ltr'><strong>cli</strong></span> <span class='ocrx_word' id='word_1_110' title='bbox 260 939 299 1002; x_wconf 72' lang='lat' dir='ltr'><strong>roi</strong></span> <span class='ocrx_word' id='word_1_111' title='bbox 315 937 442 1010; x_wconf 68' lang='grc' dir='ltr'><strong><em>γυμνικῷ</em></strong></span> <span class='ocrx_word' id='word_1_112' title='bbox 460 931 549 1005; x_wconf 77' lang='grc' dir='ltr'><strong><em>ἀγῶνι</em></strong></span> <span class='ocrx_word' id='word_1_113' title='bbox 566 933 730 1006; x_wconf 74' lang='grc' dir='ltr'><strong><em>πορφυρίδα</em></strong></span> <span class='ocrx_word' id='word_1_114' title='bbox 747 935 795 988; x_wconf 75' lang='grc' dir='ltr'><strong><em>κοιλ</em></strong></span> <span class='ocrx_word' id='word_1_115' title='bbox 813 938 953 1008; x_wconf 76' lang='grc' dir='ltr'><strong><em>στέφανον</em></strong></span> <span class='ocrx_word' id='word_1_116' title='bbox 966 951 1093 1005; x_wconf 82' lang='grc' dir='ltr'><strong><em>χροσουν</em></strong></span> <span class='ocrx_word' id='word_1_117' title='bbox 1110 933 1230 1009; x_wconf 64' lang='lat' dir='ltr'><strong>iliple-</strong></span> 
     </span>
     <span class='ocr_line' id='line_1_11' title="bbox 43 1005 1229 1078; baseline 0.002 -20"><span class='ocrx_word' id='word_1_118' title='bbox 43 1023 83 1070; x_wconf 81' lang='grc' dir='ltr'><strong><em>νιν,</em></strong></span> <span class='ocrx_word' id='word_1_119' title='bbox 97 1007 146 1061; x_wconf 87' lang='lat' dir='ltr'><strong>hoc</strong></span> <span class='ocrx_word' id='word_1_120' title='bbox 162 1007 196 1061; x_wconf 78' lang='lat' dir='ltr'><strong>tie</strong></span> <span class='ocrx_word' id='word_1_121' title='bbox 214 1007 380 1062; x_wconf 87' lang='lat' dir='ltr'><strong>Domitiano</strong></span> <span class='ocrx_word' id='word_1_122' title='bbox 400 1005 479 1061; x_wconf 86' lang='lat' dir='ltr'><strong>Suet.</strong></span> <span class='ocrx_word' id='word_1_123' title='bbox 499 1023 524 1060; x_wconf 90' lang='lat' dir='ltr'><strong>c.</strong></span> <span class='ocrx_word' id='word_1_124' title='bbox 542 1008 568 1062; x_wconf 80' lang='lat'><strong>4.</strong></span> <span class='ocrx_word' id='word_1_125' title='bbox 605 1005 647 1060; x_wconf 91' lang='lat' dir='ltr'><strong>De</strong></span> <span class='ocrx_word' id='word_1_126' title='bbox 666 1005 836 1069; x_wconf 85' lang='lat' dir='ltr'><strong>Commodo,</strong></span> <span class='ocrx_word' id='word_1_127' title='bbox 863 1007 999 1078; x_wconf 87' lang='lat' dir='ltr'><strong>quotiens</strong></span> <span class='ocrx_word' id='word_1_128' title='bbox 1017 1005 1165 1062; x_wconf 77' lang='lat' dir='ltr'><strong>theatrum</strong></span> <span class='ocrx_word' id='word_1_129' title='bbox 1183 1007 1229 1060; x_wconf 90' lang='lat' dir='ltr'><strong>in-</strong></span> 
     </span>
     <span class='ocr_line' id='line_1_12' title="bbox 42 1072 1230 1150; baseline 0.003 -20"><span class='ocrx_word' id='word_1_130' title='bbox 42 1078 194 1150; x_wconf 77' lang='lat' dir='ltr'><strong>grederetur,</strong></span> <span class='ocrx_word' id='word_1_131' title='bbox 231 1079 318 1134; x_wconf 90' lang='lat' dir='ltr'><strong>solito</strong></span> <span class='ocrx_word' id='word_1_132' title='bbox 354 1096 468 1134; x_wconf 88' lang='lat' dir='ltr'><strong>sumere</strong></span> <span class='ocrx_word' id='word_1_133' title='bbox 490 1075 622 1150; x_wconf 80' lang='grc' dir='ltr'><strong><em>χλαμύδα</em></strong></span> <span class='ocrx_word' id='word_1_134' title='bbox 653 1073 851 1148; x_wconf 80' lang='grc' dir='ltr'><strong><em>ὁλοπόρφυρον</em></strong></span> <span class='ocrx_word' id='word_1_135' title='bbox 882 1073 932 1131; x_wconf 80' lang='grc' dir='ltr'><strong>τὸν</strong></span> <span class='ocrx_word' id='word_1_136' title='bbox 952 1073 1108 1144; x_wconf 80' lang='grc' dir='ltr'><strong><em>Ἑλληνικὸν</em></strong></span> <span class='ocrx_word' id='word_1_137' title='bbox 1125 1072 1230 1148; x_wconf 82' lang='grc' dir='ltr'><strong><em>τρόπον</em></strong></span> 
     </span>
     <span class='ocr_line' id='line_1_13' title="bbox 42 1147 1228 1236; baseline 0.005 -36"><span class='ocrx_word' id='word_1_138' title='bbox 42 1151 73 1200; x_wconf 74' lang='lat' dir='ltr'><strong>ut</strong></span> <span class='ocrx_word' id='word_1_139' title='bbox 85 1151 212 1220; x_wconf 74' lang='lat' dir='ltr'><strong>eriperer</strong></span> <span class='ocrx_word' id='word_1_140' title='bbox 238 1149 269 1203; x_wconf 82' lang='grc' dir='ltr'><strong><em>ἔοι</em></strong></span> <span class='ocrx_word' id='word_1_141' title='bbox 295 1167 325 1204; x_wconf 83' lang='grc' dir='ltr'><strong>τε</strong></span> <span class='ocrx_word' id='word_1_142' title='bbox 346 1149 435 1203; x_wconf 78' lang='grc' dir='ltr'><strong><em>λλθιον</em></strong></span> <span class='ocrx_word' id='word_1_143' title='bbox 456 1147 582 1208; x_wconf 72' lang='grc' dir='ltr'><strong><em>,Ἰνδικῶν</em></strong></span> <span class='ocrx_word' id='word_1_144' title='bbox 599 1151 647 1202; x_wconf 77' lang='grc' dir='ltr'><strong><em>κοιλ</em></strong></span> <span class='ocrx_word' id='word_1_145' title='bbox 663 1149 694 1203; x_wconf 73' lang='grc' dir='ltr'><strong>ἐκ</strong></span> <span class='ocrx_word' id='word_1_146' title='bbox 713 1150 822 1220; x_wconf 84' lang='grc' dir='ltr'><strong><em>χρυσοῦ</em></strong></span> <span class='ocrx_word' id='word_1_147' title='bbox 839 1149 1030 1236; x_wconf 78' lang='grc' dir='ltr'><strong><em>πεποιημένον</em></strong></span> <span class='ocrx_word' id='word_1_148' title='bbox 1052 1147 1162 1222; x_wconf 82' lang='lat' dir='ltr'><strong>xiphil.</strong></span> <span class='ocrx_word' id='word_1_149' title='bbox 1183 1153 1228 1216; x_wconf 70' lang='lat'><strong>7²,</strong></span> 
     </span>
     <span class='ocr_line' id='line_1_14' title="bbox 41 1219 1228 1280; baseline 0 -6"><span class='ocrx_word' id='word_1_150' title='bbox 41 1222 71 1274; x_wconf 85' lang='grc' dir='ltr'><strong>λλ.</strong></span> <span class='ocrx_word' id='word_1_151' title='bbox 99 1219 135 1276; x_wconf 88' lang='lat' dir='ltr'><strong>De</strong></span> <span class='ocrx_word' id='word_1_152' title='bbox 150 1220 250 1275; x_wconf 69' lang='lat' dir='ltr'><strong>habitu</strong></span> <span class='ocrx_word' id='word_1_153' title='bbox 269 1221 446 1276; x_wconf 83' lang='lat' dir='ltr'><strong>Graecanico</strong></span> <span class='ocrx_word' id='word_1_154' title='bbox 473 1221 601 1276; x_wconf 84' lang='lat' dir='ltr'><strong>Neronis</strong></span> <span class='ocrx_word' id='word_1_155' title='bbox 625 1222 657 1273; x_wconf 90' lang='lat' dir='ltr'><strong>in</strong></span> <span class='ocrx_word' id='word_1_156' title='bbox 680 1220 790 1276; x_wconf 83' lang='lat' dir='ltr'>Urbem</span> <span class='ocrx_word' id='word_1_157' title='bbox 815 1221 966 1276; x_wconf 57' lang='lat' dir='ltr'><strong>adeuntis</strong></span> <span class='ocrx_word' id='word_1_158' title='bbox 989 1219 1069 1276; x_wconf 79' lang='lat' dir='ltr'><strong>Suet.</strong></span> <span class='ocrx_word' id='word_1_159' title='bbox 1094 1223 1165 1276; x_wconf 81' lang='lat' dir='ltr'><strong>Ner.</strong></span> <span class='ocrx_word' id='word_1_160' title='bbox 1180 1223 1228 1280; x_wconf 64' lang='lat' dir='ltr'><strong>li.</strong></span> 
     </span>
     <span class='ocr_line' id='line_1_15' title="bbox 40 1291 1230 1362; baseline 0.003 -18"><span class='ocrx_word' id='word_1_161' title='bbox 40 1291 216 1346; x_wconf 80' lang='lat' dir='ltr'><strong>etPertinscis</strong></span> <span class='ocrx_word' id='word_1_162' title='bbox 235 1291 360 1362; x_wconf 84' lang='lat' dir='ltr'><strong>Capitol.</strong></span> <span class='ocrx_word' id='word_1_163' title='bbox 381 1310 406 1350; x_wconf 89' lang='lat' dir='ltr'><strong>o.</strong></span> <span class='ocrx_word' id='word_1_164' title='bbox 425 1293 472 1348; x_wconf 59' lang='lat'><strong>03⁶</strong></span> <span class='ocrx_word' id='word_1_165' title='bbox 490 1291 567 1361; x_wconf 75' lang='lat' dir='ltr'><strong>Ls&#39;pe</strong></span> <span class='ocrx_word' id='word_1_166' title='bbox 604 1292 729 1346; x_wconf 75' lang='lat' dir='ltr'>Plurimi</span> <span class='ocrx_word' id='word_1_167' title='bbox 757 1299 873 1346; x_wconf 83' lang='lat' dir='ltr'><strong>exstant</strong></span> <span class='ocrx_word' id='word_1_168' title='bbox 890 1293 984 1358; x_wconf 86' lang='lat' dir='ltr'><strong>numi,</strong></span> <span class='ocrx_word' id='word_1_169' title='bbox 1012 1293 1063 1362; x_wconf 85' lang='lat' dir='ltr'><strong>qui</strong></span> <span class='ocrx_word' id='word_1_170' title='bbox 1081 1293 1230 1349; x_wconf 83' lang='lat' dir='ltr'><strong>Neronem</strong></span> 
     </span>
     <span class='ocr_line' id='line_1_16' title="bbox 40 1359 1302 1434; baseline 0.005 -21"><span class='ocrx_word' id='word_1_171' title='bbox 40 1359 161 1434; x_wconf 69' lang='lat' dir='ltr'><strong>chlamyde</strong></span> <span class='ocrx_word' id='word_1_172' title='bbox 196 1363 308 1420; x_wconf 76' lang='lat' dir='ltr'><strong>Graeca</strong></span> <span class='ocrx_word' id='word_1_173' title='bbox 345 1364 484 1418; x_wconf 83' lang='lat' dir='ltr'><strong>restitum</strong></span> <span class='ocrx_word' id='word_1_174' title='bbox 522 1361 676 1430; x_wconf 74' lang='lat' dir='ltr'><strong>exhibent3</strong></span> <span class='ocrx_word' id='word_1_175' title='bbox 719 1365 802 1418; x_wconf 85' lang='lat' dir='ltr'><strong>Brot.</strong></span> <span class='ocrx_word' id='word_1_176' title='bbox 861 1362 965 1418; x_wconf 79' lang='lat' dir='ltr'><strong>Graeci</strong></span> <span class='ocrx_word' id='word_1_177' title='bbox 994 1364 1116 1420; x_wconf 73' lang='lat' dir='ltr'><strong>enucleo</strong></span> <span class='ocrx_word' id='word_1_178' title='bbox 1146 1363 1226 1422; x_wconf 82' lang='lat' dir='ltr'>MSS.</span> <span class='ocrx_word' id='word_1_179' title='bbox 1279 1359 1302 1392; x_wconf 64' lang='lat'><strong>³·</strong></span> 
     </span>
     <span class='ocr_line' id='line_1_17' title="bbox 40 1431 1229 1507; baseline 0.008 -24"><span class='ocrx_word' id='word_1_180' title='bbox 40 1431 100 1486; x_wconf 80' lang='lat' dir='ltr'><strong>lior.</strong></span> <span class='ocrx_word' id='word_1_181' title='bbox 116 1433 195 1498; x_wconf 84' lang='lat' dir='ltr'><strong>(teste</strong></span> <span class='ocrx_word' id='word_1_182' title='bbox 213 1435 307 1504; x_wconf 81' lang='lat' dir='ltr'><strong>Ryck.</strong></span> <span class='ocrx_word' id='word_1_183' title='bbox 330 1436 489 1489; x_wconf 76' lang='lat' dir='ltr'><strong>secundum</strong></span> <span class='ocrx_word' id='word_1_184' title='bbox 513 1435 611 1492; x_wconf 86' lang='lat' dir='ltr'><strong>collat.</strong></span> <span class='ocrx_word' id='word_1_185' title='bbox 637 1435 694 1488; x_wconf 87' lang='lat' dir='ltr'><strong>lac.</strong></span> <span class='ocrx_word' id='word_1_186' title='bbox 715 1433 820 1499; x_wconf 86' lang='lat' dir='ltr'><strong>Gron.)</strong></span> <span class='ocrx_word' id='word_1_187' title='bbox 838 1433 915 1488; x_wconf 70' lang='lat' dir='ltr'><strong>But.</strong></span> <span class='ocrx_word' id='word_1_188' title='bbox 942 1435 1040 1490; x_wconf 78' lang='lat' dir='ltr'><strong>Gueli.</strong></span> <span class='ocrx_word' id='word_1_189' title='bbox 1071 1451 1229 1507; x_wconf 78' lang='lat' dir='ltr'><strong>omnesque</strong></span> 
     </span>
     <span class='ocr_line' id='line_1_18' title="bbox 40 1501 1229 1577; baseline 0.008 -24"><span class='ocrx_word' id='word_1_190' title='bbox 40 1501 83 1556; x_wconf 71' lang='lat' dir='ltr'><strong>eti</strong></span> <span class='ocrx_word' id='word_1_191' title='bbox 115 1513 206 1559; x_wconf 81' lang='lat' dir='ltr'><strong>meter</strong></span> <span class='ocrx_word' id='word_1_192' title='bbox 230 1505 307 1577; x_wconf 88' lang='lat' dir='ltr'><strong>Spir.</strong></span> <span class='ocrx_word' id='word_1_193' title='bbox 323 1512 363 1559; x_wconf 79' lang='lat' dir='ltr'><strong>et</strong></span> <span class='ocrx_word' id='word_1_194' title='bbox 387 1506 419 1575; x_wconf 71' lang='lat' dir='ltr'><strong>in</strong></span> <span class='ocrx_word' id='word_1_195' title='bbox 445 1503 493 1558; x_wconf 87' lang='lat' dir='ltr'><strong>his</strong></span> <span class='ocrx_word' id='word_1_196' title='bbox 517 1505 741 1574; x_wconf 78' lang='lat' dir='ltr'><strong>Ber.athua1n</strong></span> <span class='ocrx_word' id='word_1_197' title='bbox 766 1505 849 1560; x_wconf 85' lang='lat' dir='ltr'><strong>siluit</strong></span> <span class='ocrx_word' id='word_1_198' title='bbox 865 1507 942 1560; x_wconf 83' lang='lat' dir='ltr'><strong>Vict.</strong></span> <span class='ocrx_word' id='word_1_199' title='bbox 980 1506 1129 1562; x_wconf 72' lang='lat' dir='ltr'><strong>Graeciam</strong></span> <span class='ocrx_word' id='word_1_200' title='bbox 1152 1508 1229 1563; x_wconf 84' lang='lat' dir='ltr'><strong>s&#39;ctoe</strong></span> 
     </span>
     <span class='ocr_line' id='line_1_19' title="bbox 39 1521 1227 1648; baseline 0.01 -26"><span class='ocrx_word' id='word_1_201' title='bbox 39 1521 232 1633; x_wconf 41' lang='lat' dir='ltr'><strong>liiiilroterii.</strong></span> <span class='ocrx_word' id='word_1_202' title='bbox 252 1575 400 1646; x_wconf 78' lang='lat' dir='ltr'><strong>graeciam</strong></span> <span class='ocrx_word' id='word_1_203' title='bbox 422 1575 515 1628; x_wconf 85' lang='lat' dir='ltr'><strong>s&#39;octue</strong></span> <span class='ocrx_word' id='word_1_204' title='bbox 538 1575 584 1629; x_wconf 81' lang='lat' dir='ltr'><strong>ed.</strong></span> <span class='ocrx_word' id='word_1_205' title='bbox 611 1573 690 1648; x_wconf 78' lang='lat' dir='ltr'><strong>Spir.</strong></span> <span class='ocrx_word' id='word_1_206' title='bbox 709 1575 972 1630; x_wconf 78' lang='lat' dir='ltr'><strong>Groecs&#39;oms&#39;octos</strong></span> <span class='ocrx_word' id='word_1_207' title='bbox 990 1584 1020 1632; x_wconf 86' lang='lat' dir='ltr'><strong>to</strong></span> <span class='ocrx_word' id='word_1_208' title='bbox 1049 1577 1107 1634; x_wconf 80' lang='lat' dir='ltr'><strong>MS.</strong></span> <span class='ocrx_word' id='word_1_209' title='bbox 1134 1579 1227 1637; x_wconf 82' lang='lat' dir='ltr'><strong>Vatic.</strong></span> 
     </span>
     <span class='ocr_line' id='line_1_20' title="bbox 38 1643 1229 1774; baseline 0.008 -78"><span class='ocrx_word' id='word_1_210' title='bbox 38 1643 115 1714; x_wconf 84' lang='lat' dir='ltr'><strong>lipsii.</strong></span> <span class='ocrx_word' id='word_1_211' title='bbox 148 1647 308 1702; x_wconf 59' lang='lat' dir='ltr'><strong>&amp;raetiam</strong></span> <span class='ocrx_word' id='word_1_212' title='bbox 324 1649 429 1701; x_wconf 79' lang='lat' dir='ltr'><strong>tactum</strong></span> <span class='ocrx_word' id='word_1_213' title='bbox 452 1646 510 1704; x_wconf 78' lang='lat' dir='ltr'><strong>MS,</strong></span> <span class='ocrx_word' id='word_1_214' title='bbox 539 1647 627 1701; x_wconf 77' lang='lat' dir='ltr'><strong>Foru.</strong></span> <span class='ocrx_word' id='word_1_215' title='bbox 648 1675 681 1686; x_wconf 95' lang='lat'><em>-</em></span> <span class='ocrx_word' id='word_1_216' title='bbox 713 1662 773 1772; x_wconf 69' lang='lat' dir='ltr'><strong>poc</strong></span> <span class='ocrx_word' id='word_1_217' title='bbox 794 1660 849 1715; x_wconf 83' lang='lat' dir='ltr'><strong>per</strong></span> <span class='ocrx_word' id='word_1_218' title='bbox 872 1661 920 1701; x_wconf 83' lang='lat' dir='ltr'><strong>eos</strong></span> <span class='ocrx_word' id='word_1_219' title='bbox 945 1647 1008 1701; x_wconf 81' lang='lat' dir='ltr'><strong>dier</strong></span> <span class='ocrx_word' id='word_1_220' title='bbox 1029 1649 1159 1774; x_wconf 57' lang='lat' dir='ltr'><strong>plesppue</strong></span> <span class='ocrx_word' id='word_1_221' title='bbox 1181 1651 1229 1705; x_wconf 79' lang='lat' dir='ltr'><strong>s&#39;e·</strong></span> 
     </span>
     <span class='ocr_line' id='line_1_21' title="bbox 37 1715 1226 1794; baseline 0.005 -30"><span class='ocrx_word' id='word_1_222' title='bbox 37 1725 150 1771; x_wconf 79' lang='lat' dir='ltr'><strong>cesserunt</strong></span> <span class='ocrx_word' id='word_1_223' title='bbox 167 1717 247 1772; x_wconf 78' lang='lat' dir='ltr'>MSS.</span> <span class='ocrx_word' id='word_1_224' title='bbox 268 1719 348 1774; x_wconf 79' lang='lat' dir='ltr'><strong>Flor.</strong></span> <span class='ocrx_word' id='word_1_225' title='bbox 368 1719 432 1784; x_wconf 90' lang='lat' dir='ltr'><strong>(ubi</strong></span> <span class='ocrx_word' id='word_1_226' title='bbox 451 1726 580 1789; x_wconf 75' lang='lat' dir='ltr'><strong>potesta</strong></span> <span class='ocrx_word' id='word_1_227' title='bbox 598 1717 695 1786; x_wconf 87' lang='lat' dir='ltr'><strong>Pioh.)</strong></span> <span class='ocrx_word' id='word_1_228' title='bbox 738 1735 799 1772; x_wconf 84' lang='lat' dir='ltr'><strong>arn.</strong></span> <span class='ocrx_word' id='word_1_229' title='bbox 818 1717 880 1770; x_wconf 84' lang='lat' dir='ltr'><strong>Vat.</strong></span> <span class='ocrx_word' id='word_1_230' title='bbox 903 1717 974 1771; x_wconf 79' lang='lat' dir='ltr'><strong>Butl-</strong></span> <span class='ocrx_word' id='word_1_231' title='bbox 992 1719 1063 1794; x_wconf 69' lang='lat' dir='ltr'><strong>Agr.</strong></span> <span class='ocrx_word' id='word_1_232' title='bbox 1119 1715 1226 1789; x_wconf 82' lang='lat' dir='ltr'><strong>.Spir.</strong></span> 
     </span>
     <span class='ocr_line' id='line_1_22' title="bbox 37 1785 1227 1866; baseline 0.003 -26"><span class='ocrx_word' id='word_1_233' title='bbox 37 1785 75 1848; x_wconf 68' lang='lat' dir='ltr'><strong>„ln</strong></span> <span class='ocrx_word' id='word_1_234' title='bbox 89 1805 133 1856; x_wconf 76' lang='lat' dir='ltr'><strong>pso</strong></span> <span class='ocrx_word' id='word_1_235' title='bbox 149 1789 228 1844; x_wconf 82' lang='lat' dir='ltr'><strong>nihil</strong></span> <span class='ocrx_word' id='word_1_236' title='bbox 246 1789 369 1862; x_wconf 85' lang='lat' dir='ltr'><strong>impedit</strong></span> <span class='ocrx_word' id='word_1_237' title='bbox 387 1805 445 1860; x_wconf 87' lang='lat' dir='ltr'><strong>quo</strong></span> <span class='ocrx_word' id='word_1_238' title='bbox 463 1791 560 1844; x_wconf 88' lang='lat' dir='ltr'><strong>minus</strong></span> <span class='ocrx_word' id='word_1_239' title='bbox 579 1789 732 1866; x_wconf 77' lang='lat' dir='ltr'><strong>intelligas</strong></span> <span class='ocrx_word' id='word_1_240' title='bbox 751 1787 866 1856; x_wconf 63' lang='lat' dir='ltr'><strong>ammte,</strong></span> <span class='ocrx_word' id='word_1_241' title='bbox 891 1789 946 1844; x_wconf 81' lang='lat' dir='ltr'><strong>etti</strong></span> <span class='ocrx_word' id='word_1_242' title='bbox 962 1788 1088 1860; x_wconf 91' lang='lat' dir='ltr'><strong>pluralis</strong></span> <span class='ocrx_word' id='word_1_243' title='bbox 1105 1805 1227 1860; x_wconf 85' lang='lat' dir='ltr'><strong>praece·</strong></span> 
     </span>
     <span class='ocr_line' id='line_1_23' title="bbox 37 1854 1225 1934; baseline 0.005 -26"><span class='ocrx_word' id='word_1_244' title='bbox 37 1854 78 1922; x_wconf 70' lang='lat' dir='ltr'><strong>tie</strong></span> <span class='ocrx_word' id='word_1_245' title='bbox 92 1861 163 1914; x_wconf 86' lang='lat' dir='ltr'><strong>cuius</strong></span> <span class='ocrx_word' id='word_1_246' title='bbox 180 1864 294 1915; x_wconf 70' lang='lat' dir='ltr'><strong>formae</strong></span> <span class='ocrx_word' id='word_1_247' title='bbox 313 1860 446 1930; x_wconf 81' lang='lat' dir='ltr'><strong>exempla</strong></span> <span class='ocrx_word' id='word_1_248' title='bbox 464 1861 540 1934; x_wconf 87' lang='lat' dir='ltr'><strong>apud</strong></span> <span class='ocrx_word' id='word_1_249' title='bbox 557 1862 682 1916; x_wconf 85' lang='lat' dir='ltr'><strong>Graecos</strong></span> <span class='ocrx_word' id='word_1_250' title='bbox 702 1868 732 1914; x_wconf 88' lang='lat' dir='ltr'><strong>et</strong></span> <span class='ocrx_word' id='word_1_251' title='bbox 748 1860 866 1914; x_wconf 78' lang='lat' dir='ltr'><strong>Latinos</strong></span> <span class='ocrx_word' id='word_1_252' title='bbox 883 1867 960 1918; x_wconf 85' lang='lat' dir='ltr'><strong>sunt.</strong></span> <span class='ocrx_word' id='word_1_253' title='bbox 996 1859 1046 1914; x_wconf 81' lang='lat' dir='ltr'><strong>Sic</strong></span> <span class='ocrx_word' id='word_1_254' title='bbox 1070 1876 1138 1913; x_wconf 82' lang='lat' dir='ltr'><strong>mox</strong></span> <span class='ocrx_word' id='word_1_255' title='bbox 1162 1877 1225 1932; x_wconf 78' lang='lat' dir='ltr'><strong>cop.</strong></span> 
     </span>
     <span class='ocr_line' id='line_1_24' title="bbox 36 1927 1225 2010; baseline 0.004 -30"><span class='ocrx_word' id='word_1_256' title='bbox 36 1927 67 1980; x_wconf 81' lang='lat' dir='ltr'><strong>tt.</strong></span> <span class='ocrx_word' id='word_1_257' title='bbox 82 1939 137 1998; x_wconf 81' lang='lat' dir='ltr'><strong>post</strong></span> <span class='ocrx_word' id='word_1_258' title='bbox 153 1937 258 2000; x_wconf 76' lang='lat' dir='ltr'><strong>stagno</strong></span> <span class='ocrx_word' id='word_1_259' title='bbox 269 1934 307 1986; x_wconf 85' lang='lat' dir='ltr'><strong>in</strong></span> <span class='ocrx_word' id='word_1_260' title='bbox 325 1931 373 1986; x_wconf 78' lang='lat' dir='ltr'><strong>cui</strong></span> <span class='ocrx_word' id='word_1_261' title='bbox 396 1933 528 2010; x_wconf 74' lang='lat' dir='ltr'><strong>intelligi</strong></span> <span class='ocrx_word' id='word_1_262' title='bbox 549 1947 634 2004; x_wconf 86' lang='lat' dir='ltr'><strong>posse</strong></span> <span class='ocrx_word' id='word_1_263' title='bbox 659 1939 764 2000; x_wconf 71' lang='lat' dir='ltr'><strong>stagno</strong></span> <span class='ocrx_word' id='word_1_264' title='bbox 786 1931 905 2002; x_wconf 84' lang='lat' dir='ltr'><strong>putabat</strong></span> <span class='ocrx_word' id='word_1_265' title='bbox 926 1931 984 1984; x_wconf 86' lang='lat' dir='ltr'><strong>loc.</strong></span> <span class='ocrx_word' id='word_1_266' title='bbox 1010 1931 1127 1986; x_wconf 80' lang='lat' dir='ltr'><strong>Gron.“</strong></span> <span class='ocrx_word' id='word_1_267' title='bbox 1153 1932 1225 1988; x_wconf 78' lang='lat' dir='ltr'><strong>Ero.</strong></span> 
     </span>
     <span class='ocr_line' id='line_1_25' title="bbox 35 1997 1227 2080; baseline -0.001 -19"><span class='ocrx_word' id='word_1_268' title='bbox 35 1997 90 2060; x_wconf 79' lang='grc' dir='ltr'><strong>πλλίο</strong></span> <span class='ocrx_word' id='word_1_269' title='bbox 103 2003 218 2058; x_wconf 77' lang='lat' dir='ltr'><strong>tortasse</strong></span> <span class='ocrx_word' id='word_1_270' title='bbox 235 2021 338 2059; x_wconf 81' lang='lat' dir='ltr'><strong>verum</strong></span> <span class='ocrx_word' id='word_1_271' title='bbox 353 2003 439 2058; x_wconf 70' lang='lat' dir='ltr'><strong>sitit.</strong></span> <span class='ocrx_word' id='word_1_272' title='bbox 475 2004 595 2059; x_wconf 79' lang='lat' dir='ltr'><strong>Etenim</strong></span> <span class='ocrx_word' id='word_1_273' title='bbox 612 2003 717 2058; x_wconf 77' lang='lat' dir='ltr'><strong>Graeci</strong></span> <span class='ocrx_word' id='word_1_274' title='bbox 747 2002 873 2058; x_wconf 73' lang='lat' dir='ltr'><strong>oosicmc</strong></span> <span class='ocrx_word' id='word_1_275' title='bbox 900 2001 1023 2070; x_wconf 80' lang='lat' dir='ltr'><strong>(Germ.</strong></span> <span class='ocrx_word' id='word_1_276' title='bbox 1052 2003 1227 2080; x_wconf 77' lang='lat' dir='ltr'><strong>griechi-</strong></span> 
     </span>
     <span class='ocr_line' id='line_1_26' title="bbox 35 2069 1226 2152; baseline 0.008 -29"><span class='ocrx_word' id='word_1_277' title='bbox 35 2069 98 2125; x_wconf 82' lang='lat' dir='ltr'><strong>oche</strong></span> <span class='ocrx_word' id='word_1_278' title='bbox 112 2072 371 2152; x_wconf 78' lang='lat' dir='ltr'><strong>Kleidungen)</strong></span> <span class='ocrx_word' id='word_1_279' title='bbox 389 2075 421 2126; x_wconf 93' lang='lat' dir='ltr'><strong>in</strong></span> <span class='ocrx_word' id='word_1_280' title='bbox 438 2078 609 2130; x_wconf 81' lang='lat' dir='ltr'><strong>universum</strong></span> <span class='ocrx_word' id='word_1_281' title='bbox 628 2074 776 2142; x_wconf 84' lang='lat' dir='ltr'><strong>(licuntur,</strong></span> <span class='ocrx_word' id='word_1_282' title='bbox 817 2073 969 2146; x_wconf 75' lang='lat' dir='ltr'><strong>nippequi</strong></span> <span class='ocrx_word' id='word_1_283' title='bbox 987 2073 1021 2128; x_wconf 89' lang='lat' dir='ltr'><strong>in</strong></span> <span class='ocrx_word' id='word_1_284' title='bbox 1037 2075 1141 2130; x_wconf 85' lang='lat' dir='ltr'><strong>multis</strong></span> <span class='ocrx_word' id='word_1_285' title='bbox 1181 2075 1226 2132; x_wconf 89' lang='lat' dir='ltr'><strong>lu-</strong></span> 
     </span>
     <span class='ocr_line' id='line_1_27' title="bbox 34 2091 1226 2228; baseline 0.008 -33"><span class='ocrx_word' id='word_1_286' title='bbox 34 2155 68 2192; x_wconf 80' lang='lat' dir='ltr'><strong>tes</strong></span> <span class='ocrx_word' id='word_1_287' title='bbox 83 2153 148 2197; x_wconf 84' lang='lat' dir='ltr'><strong>sont</strong></span> <span class='ocrx_word' id='word_1_288' title='bbox 183 2145 243 2201; x_wconf 84' lang='lat' dir='ltr'><strong>Sed</strong></span> <span class='ocrx_word' id='word_1_289' title='bbox 260 2149 311 2218; x_wconf 86' lang='lat' dir='ltr'><strong>qui</strong></span> <span class='ocrx_word' id='word_1_290' title='bbox 329 2145 480 2214; x_wconf 86' lang='lat' dir='ltr'><strong>incedunt,</strong></span> <span class='ocrx_word' id='word_1_291' title='bbox 499 2146 608 2202; x_wconf 83' lang='lat' dir='ltr'><strong>Groecs</strong></span> <span class='ocrx_word' id='word_1_292' title='bbox 626 2147 734 2200; x_wconf 74' lang='lat' dir='ltr'><strong>mntem</strong></span> <span class='ocrx_word' id='word_1_293' title='bbox 746 2091 865 2228; x_wconf 52' lang='lat' dir='ltr'><strong>poiens</strong></span> <span class='ocrx_word' id='word_1_294' title='bbox 883 2143 937 2209; x_wconf 90' lang='lat' dir='ltr'><strong>(in</strong></span> <span class='ocrx_word' id='word_1_295' title='bbox 956 2091 1226 2222; x_wconf 54' lang='lat' dir='ltr'><strong>griechiscflsr</strong></span> 
     </span>
     <span class='ocr_line' id='line_1_28' title="bbox 35 2207 1226 2296; baseline 0.012 -35"><span class='ocrx_word' id='word_1_296' title='bbox 35 2207 206 2296; x_wconf 79' lang='lat' dir='ltr'><strong>illeiiung)</strong></span> <span class='ocrx_word' id='word_1_297' title='bbox 231 2217 375 2284; x_wconf 75' lang='lat' dir='ltr'>incedere,</span> <span class='ocrx_word' id='word_1_298' title='bbox 395 2233 449 2272; x_wconf 84' lang='lat' dir='ltr'><strong>neo</strong></span> <span class='ocrx_word' id='word_1_299' title='bbox 467 2233 538 2273; x_wconf 77' lang='lat' dir='ltr'><strong>vero</strong></span> <span class='ocrx_word' id='word_1_300' title='bbox 556 2217 676 2272; x_wconf 62' lang='lat' dir='ltr'><strong>&amp;aecio</strong></span> <span class='ocrx_word' id='word_1_301' title='bbox 699 2217 849 2272; x_wconf 76' lang='lat' dir='ltr'><strong>smectttoe</strong></span> <span class='ocrx_word' id='word_1_302' title='bbox 873 2215 930 2281; x_wconf 86' lang='lat' dir='ltr'><strong>(in</strong></span> <span class='ocrx_word' id='word_1_303' title='bbox 953 2216 1226 2293; x_wconf 72' lang='lat' dir='ltr'><strong>griechischen</strong></span> 
     </span>
     <span class='ocr_line' id='line_1_29' title="bbox 33 2281 1224 2366; baseline 0.01 -32"><span class='ocrx_word' id='word_1_304' title='bbox 33 2281 264 2366; x_wconf 77' lang='lat' dir='ltr'><strong>lleidungen)</strong></span> <span class='ocrx_word' id='word_1_305' title='bbox 281 2296 362 2344; x_wconf 90' lang='lat' dir='ltr'><strong>recte</strong></span> <span class='ocrx_word' id='word_1_306' title='bbox 380 2287 440 2342; x_wconf 81' lang='lat' dir='ltr'><strong>clici</strong></span> <span class='ocrx_word' id='word_1_307' title='bbox 456 2297 595 2362; x_wconf 78' lang='lat' dir='ltr'><strong>possunt:</strong></span> <span class='ocrx_word' id='word_1_308' title='bbox 616 2305 683 2343; x_wconf 80' lang='lat' dir='ltr'><strong>nam</strong></span> <span class='ocrx_word' id='word_1_309' title='bbox 701 2289 736 2342; x_wconf 85' lang='lat' dir='ltr'><strong>‹ls</strong></span> <span class='ocrx_word' id='word_1_310' title='bbox 754 2291 850 2343; x_wconf 70' lang='lat' dir='ltr'><strong>forma</strong></span> <span class='ocrx_word' id='word_1_311' title='bbox 867 2287 1035 2343; x_wconf 79' lang='lat' dir='ltr'><strong>vestimenti</strong></span> <span class='ocrx_word' id='word_1_312' title='bbox 1051 2291 1224 2366; x_wconf 74' lang='lat' dir='ltr'><strong>cogitamus,</strong></span> 
     </span>
     <span class='ocr_line' id='line_1_30' title="bbox 33 2357 1225 2431; baseline 0.008 -22"><span class='ocrx_word' id='word_1_313' title='bbox 33 2369 86 2420; x_wconf 76' lang='lat' dir='ltr'><strong>ques</strong></span> <span class='ocrx_word' id='word_1_314' title='bbox 101 2359 128 2410; x_wconf 90' lang='lat' dir='ltr'><strong>in</strong></span> <span class='ocrx_word' id='word_1_315' title='bbox 143 2376 320 2431; x_wconf 82' lang='lat' dir='ltr'><strong>unoquoquo</strong></span> <span class='ocrx_word' id='word_1_316' title='bbox 338 2359 438 2415; x_wconf 80' lang='lat' dir='ltr'><strong>ecdem</strong></span> <span class='ocrx_word' id='word_1_317' title='bbox 456 2368 508 2415; x_wconf 90' lang='lat' dir='ltr'><strong>est.</strong></span> <span class='ocrx_word' id='word_1_318' title='bbox 545 2359 632 2414; x_wconf 88' lang='lat' dir='ltr'><strong>Seous</strong></span> <span class='ocrx_word' id='word_1_319' title='bbox 659 2359 697 2414; x_wconf 85' lang='lat' dir='ltr'><strong>G.</strong></span> <span class='ocrx_word' id='word_1_320' title='bbox 716 2361 760 2416; x_wconf 78' lang='grc'><strong>17.</strong></span> <span class='ocrx_word' id='word_1_321' title='bbox 798 2357 885 2412; x_wconf 76' lang='lat' dir='ltr'><strong>lineis</strong></span> <span class='ocrx_word' id='word_1_322' title='bbox 908 2359 1059 2414; x_wconf 78' lang='lat' dir='ltr'><strong>amictibus</strong></span> <span class='ocrx_word' id='word_1_323' title='bbox 1083 2362 1225 2421; x_wconf 80' lang='lat' dir='ltr'><strong>velantur.</strong></span> 
     </span>
     <span class='ocr_line' id='line_1_31' title="bbox 33 2421 1224 2504; baseline 0.006 -24"><span class='ocrx_word' id='word_1_324' title='bbox 33 2421 178 2500; x_wconf 79' lang='lat' dir='ltr'><strong>Exemplum</strong></span> <span class='ocrx_word' id='word_1_325' title='bbox 202 2432 292 2503; x_wconf 84' lang='lat' dir='ltr'><strong>plene</strong></span> <span class='ocrx_word' id='word_1_326' title='bbox 316 2433 413 2487; x_wconf 86' lang='lat' dir='ltr'><strong>simile</strong></span> <span class='ocrx_word' id='word_1_327' title='bbox 438 2439 533 2486; x_wconf 83' lang='lat' dir='ltr'><strong>exstat</strong></span> <span class='ocrx_word' id='word_1_328' title='bbox 561 2431 597 2489; x_wconf 86' lang='lat' dir='ltr'><strong>ll.</strong></span> <span class='ocrx_word' id='word_1_329' title='bbox 616 2435 645 2498; x_wconf 81' lang='lat'><strong>3,</strong></span> <span class='ocrx_word' id='word_1_330' title='bbox 662 2435 708 2488; x_wconf 78' lang='lat'><strong>8⁰.</strong></span> <span class='ocrx_word' id='word_1_331' title='bbox 725 2439 729 2450; x_wconf 82' lang='lat'>&#39;</span> <span class='ocrx_word' id='word_1_332' title='bbox 746 2430 849 2498; x_wconf 80' lang='lat' dir='ltr'><strong>roptt&#39;e,</strong></span> <span class='ocrx_word' id='word_1_333' title='bbox 880 2431 956 2500; x_wconf 81' lang='lat' dir='ltr'><strong>quod</strong></span> <span class='ocrx_word' id='word_1_334' title='bbox 981 2432 1082 2504; x_wconf 78' lang='lat' dir='ltr'><strong>ctes&#39;pue</strong></span> <span class='ocrx_word' id='word_1_335' title='bbox 1096 2433 1224 2504; x_wconf 47' lang='grc' dir='ltr'><strong><em>,ολολυπῃ</em></strong></span> 
     </span>
     <span class='ocr_line' id='line_1_32' title="bbox 33 2498 1222 2575; baseline 0.013 -31"><span class='ocrx_word' id='word_1_336' title='bbox 33 2498 87 2550; x_wconf 83' lang='lat' dir='ltr'><strong>telis.</strong></span> <span class='ocrx_word' id='word_1_337' title='bbox 117 2503 228 2575; x_wconf 84' lang='lat' dir='ltr'><strong>Nempe</strong></span> <span class='ocrx_word' id='word_1_338' title='bbox 246 2503 281 2557; x_wconf 84' lang='lat' dir='ltr'><strong>ab</strong></span> <span class='ocrx_word' id='word_1_339' title='bbox 299 2502 431 2558; x_wconf 78' lang='lat' dir='ltr'><strong>omnibus</strong></span> <span class='ocrx_word' id='word_1_340' title='bbox 450 2504 606 2574; x_wconf 85' lang='lat' dir='ltr'><strong>rapiuntur</strong></span> <span class='ocrx_word' id='word_1_341' title='bbox 624 2503 691 2567; x_wconf 80' lang='lat' dir='ltr'><strong>leto,</strong></span> <span class='ocrx_word' id='word_1_342' title='bbox 715 2502 750 2556; x_wconf 81' lang='lat' dir='ltr'><strong>ab</strong></span> <span class='ocrx_word' id='word_1_343' title='bbox 767 2516 942 2572; x_wconf 75' lang='lat' dir='ltr'><strong>unoquoque</strong></span> <span class='ocrx_word' id='word_1_344' title='bbox 965 2501 1084 2555; x_wconf 84' lang='lat' dir='ltr'><strong>telum.“</strong></span> <span class='ocrx_word' id='word_1_345' title='bbox 1113 2503 1222 2560; x_wconf 81' lang='lat' dir='ltr'><strong>Wattt.</strong></span> 
     </span>
     <span class='ocr_line' id='line_1_33' title="bbox 33 2569 1223 2645; baseline 0.006 -22"><span class='ocrx_word' id='word_1_346' title='bbox 33 2583 83 2634; x_wconf 68' lang='lat' dir='ltr'><strong>otoo</strong></span> <span class='ocrx_word' id='word_1_347' title='bbox 96 2572 148 2626; x_wconf 81' lang='lat' dir='ltr'><strong>tls.</strong></span> <span class='ocrx_word' id='word_1_348' title='bbox 167 2574 270 2628; x_wconf 83' lang='lat' dir='ltr'><strong>Guslf.</strong></span> <span class='ocrx_word' id='word_1_349' title='bbox 296 2575 359 2632; x_wconf 81' lang='lat' dir='ltr'><strong>edd.</strong></span> <span class='ocrx_word' id='word_1_350' title='bbox 388 2575 450 2631; x_wconf 87' lang='lat' dir='ltr'><strong>Put.</strong></span> <span class='ocrx_word' id='word_1_351' title='bbox 480 2581 505 2632; x_wconf 89' lang='lat' dir='ltr'><strong>l.</strong></span> <span class='ocrx_word' id='word_1_352' title='bbox 525 2577 553 2630; x_wconf 71' lang='lat' dir='ltr'><strong>l.</strong></span> <span class='ocrx_word' id='word_1_353' title='bbox 578 2573 644 2627; x_wconf 86' lang='lat' dir='ltr'><strong>Ber.</strong></span> <span class='ocrx_word' id='word_1_354' title='bbox 672 2571 765 2626; x_wconf 84' lang='lat' dir='ltr'><strong>Rhsn.</strong></span> <span class='ocrx_word' id='word_1_355' title='bbox 785 2576 810 2626; x_wconf 86' lang='lat'><strong>1.</strong></span> <span class='ocrx_word' id='word_1_356' title='bbox 829 2575 855 2624; x_wconf 70' lang='grc' dir='ltr'><strong>λ.</strong></span> <span class='ocrx_word' id='word_1_357' title='bbox 876 2573 903 2626; x_wconf 82' lang='grc'><strong>3.</strong></span> <span class='ocrx_word' id='word_1_358' title='bbox 931 2569 996 2628; x_wconf 73' lang='lat' dir='ltr'><strong>Alc.</strong></span> <span class='ocrx_word' id='word_1_359' title='bbox 1024 2573 1103 2645; x_wconf 80' lang='lat' dir='ltr'><strong>lips.</strong></span> <span class='ocrx_word' id='word_1_360' title='bbox 1132 2576 1223 2630; x_wconf 84' lang='lat' dir='ltr'><strong>Gron.</strong></span> 
     </span>
     <span class='ocr_line' id='line_1_34' title="bbox 31 2635 1223 2708; baseline 0.004 -11"><span class='ocrx_word' id='word_1_361' title='bbox 31 2635 99 2708; x_wconf 71' lang='lat' dir='ltr'><strong>Ryok</strong></span> <span class='ocrx_word' id='word_1_362' title='bbox 116 2644 192 2698; x_wconf 85' lang='lat' dir='ltr'><strong>Brut.</strong></span> <span class='ocrx_word' id='word_1_363' title='bbox 212 2645 285 2699; x_wconf 84' lang='lat' dir='ltr'><strong>Ern.</strong></span> <span class='ocrx_word' id='word_1_364' title='bbox 313 2653 348 2698; x_wconf 87' lang='lat' dir='ltr'><strong>ut</strong></span> <span class='ocrx_word' id='word_1_365' title='bbox 373 2647 495 2700; x_wconf 67' lang='lat' dir='ltr'><strong>sonasse</strong></span> <span class='ocrx_word' id='word_1_366' title='bbox 522 2643 601 2698; x_wconf 85' lang='lat' dir='ltr'>MSS·</span> <span class='ocrx_word' id='word_1_367' title='bbox 620 2643 699 2699; x_wconf 76' lang='lat' dir='ltr'><strong>Flor.</strong></span> <span class='ocrx_word' id='word_1_368' title='bbox 719 2651 749 2696; x_wconf 91' lang='lat' dir='ltr'><strong>st</strong></span> <span class='ocrx_word' id='word_1_369' title='bbox 766 2641 956 2696; x_wconf 65' lang='lat' dir='ltr'><strong>oxoniensem</strong></span> <span class='ocrx_word' id='word_1_370' title='bbox 987 2659 1054 2697; x_wconf 84' lang='lat' dir='ltr'><strong>nam</strong></span> <span class='ocrx_word' id='word_1_371' title='bbox 1074 2646 1223 2702; x_wconf 82' lang='lat' dir='ltr'><strong>Victorius</strong></span> 
     </span>
     <span class='ocr_line' id='line_1_35' title="bbox 30 2711 1224 2794; baseline 0.005 -28"><span class='ocrx_word' id='word_1_372' title='bbox 30 2711 129 2766; x_wconf 73' lang='lat' dir='ltr'><strong>ellit-ot.</strong></span> <span class='ocrx_word' id='word_1_373' title='bbox 156 2717 192 2770; x_wconf 89' lang='lat' dir='ltr'><strong>‹le</strong></span> <span class='ocrx_word' id='word_1_374' title='bbox 221 2715 259 2770; x_wconf 89' lang='lat' dir='ltr'><strong>iis</strong></span> <span class='ocrx_word' id='word_1_375' title='bbox 291 2724 418 2771; x_wconf 72' lang='lat' dir='ltr'><strong>mouere.</strong></span> <span class='ocrx_word' id='word_1_376' title='bbox 456 2717 511 2784; x_wconf 84' lang='lat' dir='ltr'><strong>Qui</strong></span> <span class='ocrx_word' id='word_1_377' title='bbox 536 2714 662 2787; x_wconf 81' lang='lat' dir='ltr'><strong>probent</strong></span> <span class='ocrx_word' id='word_1_378' title='bbox 684 2728 762 2786; x_wconf 77' lang='lat' dir='ltr'><strong>poor,</strong></span> <span class='ocrx_word' id='word_1_379' title='bbox 789 2713 826 2767; x_wconf 84' lang='lat' dir='ltr'><strong>od</strong></span> <span class='ocrx_word' id='word_1_380' title='bbox 852 2712 1027 2767; x_wconf 78' lang='lat' dir='ltr'><strong>incesserant</strong></span> <span class='ocrx_word' id='word_1_381' title='bbox 1049 2715 1224 2794; x_wconf 75' lang='lat' dir='ltr'><strong>intelligsmt</strong></span> 
     </span>
     <span class='ocr_line' id='line_1_36' title="bbox 30 2781 1224 2861; baseline 0.007 -26"><span class='ocrx_word' id='word_1_382' title='bbox 30 2785 145 2852; x_wconf 75' lang='grc' dir='ltr'><strong><em>οοπολιπιο,</em></strong></span> <span class='ocrx_word' id='word_1_383' title='bbox 175 2795 212 2840; x_wconf 91' lang='lat' dir='ltr'><strong>ut</strong></span> <span class='ocrx_word' id='word_1_384' title='bbox 234 2789 262 2853; x_wconf 76' lang='grc' dir='ltr'><strong>θ,</strong></span> <span class='ocrx_word' id='word_1_385' title='bbox 285 2790 320 2844; x_wconf 78' lang='grc'><strong>84</strong></span> <span class='ocrx_word' id='word_1_386' title='bbox 343 2803 391 2858; x_wconf 91' lang='lat' dir='ltr'><strong>pr.</strong></span> <span class='ocrx_word' id='word_1_387' title='bbox 419 2787 578 2859; x_wconf 85' lang='lat' dir='ltr'><strong>eodemque</strong></span> <span class='ocrx_word' id='word_1_388' title='bbox 610 2803 697 2842; x_wconf 87' lang='lat' dir='ltr'><strong>sensu</strong></span> <span class='ocrx_word' id='word_1_389' title='bbox 722 2781 897 2840; x_wconf 75' lang='lat' dir='ltr'><strong>incessis-ont</strong></span> <span class='ocrx_word' id='word_1_390' title='bbox 925 2785 1081 2861; x_wconf 74' lang='lat' dir='ltr'><strong>legendum</strong></span> <span class='ocrx_word' id='word_1_391' title='bbox 1107 2791 1224 2844; x_wconf 86' lang='lat' dir='ltr'><strong>censuit</strong></span> 
     </span>
     <span class='ocr_line' id='line_1_37' title="bbox 29 2851 1223 2916; baseline 0.006 -9"><span class='ocrx_word' id='word_1_392' title='bbox 29 2851 94 2911; x_wconf 77' lang='lat' dir='ltr'><strong>lir.</strong></span> <span class='ocrx_word' id='word_1_393' title='bbox 112 2859 201 2912; x_wconf 80' lang='lat' dir='ltr'><strong>Gron.</strong></span> <span class='ocrx_word' id='word_1_394' title='bbox 222 2865 254 2914; x_wconf 87' lang='lat' dir='ltr'><strong>et</strong></span> <span class='ocrx_word' id='word_1_395' title='bbox 270 2858 443 2912; x_wconf 79' lang='grc' dir='ltr'><strong><em>ι’ποοοιιλλοπλ</em></strong></span> <span class='ocrx_word' id='word_1_396' title='bbox 459 2859 605 2916; x_wconf 82' lang='lat' dir='ltr'><strong>Heinsius.</strong></span> <span class='ocrx_word' id='word_1_397' title='bbox 644 2855 700 2913; x_wconf 80' lang='lat' dir='ltr'><strong>Sed</strong></span> <span class='ocrx_word' id='word_1_398' title='bbox 718 2857 770 2912; x_wconf 81' lang='lat' dir='ltr'><strong>illa</strong></span> <span class='ocrx_word' id='word_1_399' title='bbox 783 2854 867 2910; x_wconf 81' lang='lat' dir='ltr'><strong>verbi</strong></span> <span class='ocrx_word' id='word_1_400' title='bbox 884 2857 966 2912; x_wconf 84' lang='lat' dir='ltr'><strong>notio</strong></span> <span class='ocrx_word' id='word_1_401' title='bbox 983 2857 1014 2915; x_wconf 86' lang='grc' dir='ltr'><strong><em>λι.</em></strong></span> <span class='ocrx_word' id='word_1_402' title='bbox 1034 2857 1055 2910; x_wconf 91' lang='lat' dir='ltr'><strong>l.</strong></span> <span class='ocrx_word' id='word_1_403' title='bbox 1075 2872 1134 2912; x_wconf 88' lang='lat' dir='ltr'><strong>non</strong></span> <span class='ocrx_word' id='word_1_404' title='bbox 1153 2862 1223 2914; x_wconf 88' lang='lat' dir='ltr'><strong>satis</strong></span> 
     </span>
     <span class='ocr_line' id='line_1_38' title="bbox 29 2926 1223 3002; baseline 0.004 -22"><span class='ocrx_word' id='word_1_405' title='bbox 29 2931 77 2990; x_wconf 81' lang='lat' dir='ltr'><strong>spu</strong></span> <span class='ocrx_word' id='word_1_406' title='bbox 91 2929 214 2984; x_wconf 79' lang='lat' dir='ltr'><strong>ridetur.</strong></span> <span class='ocrx_word' id='word_1_407' title='bbox 251 2929 386 2998; x_wconf 78' lang='lat' dir='ltr'><strong>qumootlo</strong></span> <span class='ocrx_word' id='word_1_408' title='bbox 404 2932 479 2987; x_wconf 88' lang='lat' dir='ltr'><strong>coni.</strong></span> <span class='ocrx_word' id='word_1_409' title='bbox 500 2929 579 2985; x_wconf 85' lang='lat' dir='ltr'><strong>Pich.</strong></span> <span class='ocrx_word' id='word_1_410' title='bbox 600 2937 630 2985; x_wconf 91' lang='lat' dir='ltr'><strong>et</strong></span> <span class='ocrx_word' id='word_1_411' title='bbox 647 2929 761 3000; x_wconf 86' lang='lat' dir='ltr'><strong>recepit</strong></span> <span class='ocrx_word' id='word_1_412' title='bbox 777 2926 865 2982; x_wconf 80' lang='lat' dir='ltr'><strong>Bes-n.</strong></span> <span class='ocrx_word' id='word_1_413' title='bbox 891 2928 943 2998; x_wconf 87' lang='lat' dir='ltr'><strong>qui</strong></span> <span class='ocrx_word' id='word_1_414' title='bbox 966 2929 996 2984; x_wconf 82' lang='lat' dir='ltr'><strong>it</strong></span> <span class='ocrx_word' id='word_1_415' title='bbox 1023 2931 1151 3000; x_wconf 78' lang='lat' dir='ltr'><strong>exprimi</strong></span> <span class='ocrx_word' id='word_1_416' title='bbox 1168 2948 1223 3002; x_wconf 88' lang='lat' dir='ltr'><strong>pn·</strong></span> 
     </span>
     <span class='ocr_line' id='line_1_39' title="bbox 28 2995 1220 3072; baseline 0.004 -21"><span class='ocrx_word' id='word_1_417' title='bbox 28 2995 102 3052; x_wconf 68' lang='lat' dir='ltr'><strong>utne</strong></span> <span class='ocrx_word' id='word_1_418' title='bbox 123 2999 297 3072; x_wconf 81' lang='lat' dir='ltr'><strong>compendio</strong></span> <span class='ocrx_word' id='word_1_419' title='bbox 319 3002 482 3072; x_wconf 86' lang='lat' dir='ltr'><strong>scripturae</strong></span> <span class='ocrx_word' id='word_1_420' title='bbox 505 3004 538 3056; x_wconf 81' lang='lat' dir='ltr'><strong>ia</strong></span> <span class='ocrx_word' id='word_1_421' title='bbox 560 3000 617 3057; x_wconf 82' lang='lat' dir='ltr'><strong>MS.</strong></span> <span class='ocrx_word' id='word_1_422' title='bbox 645 3001 726 3055; x_wconf 76' lang='lat' dir='ltr'><strong>Flor.</strong></span> <span class='ocrx_word' id='word_1_423' title='bbox 755 2997 821 3071; x_wconf 75' lang='lat' dir='ltr'><strong>quie</strong></span> <span class='ocrx_word' id='word_1_424' title='bbox 845 2997 908 3056; x_wconf 75' lang='lat' dir='ltr'><strong>stt.</strong></span> <span class='ocrx_word' id='word_1_425' title='bbox 934 2999 998 3072; x_wconf 86' lang='lat' dir='ltr'><strong>Bip.</strong></span> <span class='ocrx_word' id='word_1_426' title='bbox 1023 2999 1120 3056; x_wconf 88' lang='lat' dir='ltr'><strong>Oberl.</strong></span> <span class='ocrx_word' id='word_1_427' title='bbox 1145 3003 1220 3056; x_wconf 76' lang='lat' dir='ltr'><strong>hin.</strong></span> 
     </span>
     <span class='ocr_line' id='line_1_40' title="bbox 27 3063 1221 3144; baseline 0.007 -24"><span class='ocrx_word' id='word_1_428' title='bbox 27 3063 94 3120; x_wconf 66' lang='lat' dir='ltr'><strong>teki</strong></span> <span class='ocrx_word' id='word_1_429' title='bbox 118 3072 226 3127; x_wconf 78' lang='lat' dir='ltr'><strong>Kiessl.</strong></span> <span class='ocrx_word' id='word_1_430' title='bbox 250 3071 364 3125; x_wconf 77' lang='lat' dir='ltr'><strong>walth.</strong></span> <span class='ocrx_word' id='word_1_431' title='bbox 385 3103 417 3116; x_wconf 89' lang='lat'><strong>·-</strong></span> <span class='ocrx_word' id='word_1_432' title='bbox 449 3073 589 3144; x_wconf 74' lang='lat' dir='ltr'><strong>plerique,</strong></span> <span class='ocrx_word' id='word_1_433' title='bbox 619 3075 658 3127; x_wconf 82' lang='lat' dir='ltr'><strong>ci.</strong></span> <span class='ocrx_word' id='word_1_434' title='bbox 683 3069 746 3128; x_wconf 84' lang='lat' dir='ltr'><strong>ind.</strong></span> <span class='ocrx_word' id='word_1_435' title='bbox 773 3069 863 3128; x_wconf 88' lang='lat'>11.--</span> <span class='ocrx_word' id='word_1_436' title='bbox 886 3077 961 3124; x_wconf 78' lang='lat' dir='ltr'><strong>tom.-</strong></span> <span class='ocrx_word' id='word_1_437' title='bbox 993 3071 1025 3125; x_wconf 88' lang='lat' dir='ltr'><strong>in</strong></span> <span class='ocrx_word' id='word_1_438' title='bbox 1043 3070 1101 3126; x_wconf 78' lang='lat' dir='ltr'><strong>MS.</strong></span> <span class='ocrx_word' id='word_1_439' title='bbox 1121 3073 1221 3128; x_wconf 78' lang='lat' dir='ltr'><strong>Guelf.</strong></span> 
     </span>
     <span class='ocr_line' id='line_1_41' title="bbox 26 3139 1220 3214; baseline 0.003 -20"><span class='ocrx_word' id='word_1_440' title='bbox 26 3145 48 3188; x_wconf 74' lang='lat' dir='ltr'><strong>tt</strong></span> <span class='ocrx_word' id='word_1_441' title='bbox 61 3139 96 3194; x_wconf 78' lang='lat' dir='ltr'><strong>et</strong></span> <span class='ocrx_word' id='word_1_442' title='bbox 114 3143 191 3214; x_wconf 84' lang='lat' dir='ltr'><strong>spir.</strong></span> <span class='ocrx_word' id='word_1_443' title='bbox 212 3147 312 3198; x_wconf 76' lang='lat' dir='ltr'><strong>tossen.</strong></span> <span class='ocrx_word' id='word_1_444' title='bbox 333 3143 378 3200; x_wconf 85' lang='lat' dir='ltr'><strong>Gt.</strong></span> <span class='ocrx_word' id='word_1_445' title='bbox 398 3143 434 3198; x_wconf 80' lang='lat' dir='ltr'><strong>ad</strong></span> <span class='ocrx_word' id='word_1_446' title='bbox 453 3148 496 3212; x_wconf 80' lang='lat'><strong>13,</strong></span> <span class='ocrx_word' id='word_1_447' title='bbox 514 3148 560 3211; x_wconf 79' lang='lat' dir='ltr'><strong>to,</strong></span> <span class='ocrx_word' id='word_1_448' title='bbox 580 3149 603 3200; x_wconf 93' lang='lat'><strong>1.</strong></span> <span class='ocrx_word' id='word_1_449' title='bbox 620 3175 654 3187; x_wconf 89' lang='lat'><em>-</em></span> <span class='ocrx_word' id='word_1_450' title='bbox 679 3144 869 3209; x_wconf 74' lang='lat' dir='ltr'><strong>exoleverunt,</strong></span> <span class='ocrx_word' id='word_1_451' title='bbox 886 3141 996 3196; x_wconf 82' lang='lat' dir='ltr'><strong>rectius</strong></span> <span class='ocrx_word' id='word_1_452' title='bbox 1014 3145 1220 3213; x_wconf 79' lang='lat' dir='ltr'><strong>eeeoleoeront‚</strong></span> 
     </span>
     <span class='ocr_line' id='line_1_42' title="bbox 25 3211 1221 3280; baseline 0.005 -14"><span class='ocrx_word' id='word_1_453' title='bbox 25 3217 48 3259; x_wconf 83' lang='lat' dir='ltr'><strong>ut</strong></span> <span class='ocrx_word' id='word_1_454' title='bbox 61 3213 234 3280; x_wconf 70' lang='lat' dir='ltr'><strong>obsolescere,</strong></span> <span class='ocrx_word' id='word_1_455' title='bbox 253 3221 386 3269; x_wconf 83' lang='lat' dir='ltr'><strong>nostrum</strong></span> <span class='ocrx_word' id='word_1_456' title='bbox 405 3233 470 3269; x_wconf 80' lang='lat' dir='ltr'><strong>cus</strong></span> <span class='ocrx_word' id='word_1_457' title='bbox 488 3213 551 3270; x_wconf 76' lang='lat' dir='ltr'><strong>der</strong></span> <span class='ocrx_word' id='word_1_458' title='bbox 568 3214 670 3270; x_wconf 80' lang='lat' dir='ltr'><strong>Modo</strong></span> <span class='ocrx_word' id='word_1_459' title='bbox 688 3215 865 3269; x_wconf 77' lang='lat' dir='ltr'><strong>hommen.</strong></span> <span class='ocrx_word' id='word_1_460' title='bbox 902 3213 947 3269; x_wconf 80' lang='lat' dir='ltr'><strong>Ol.</strong></span> <span class='ocrx_word' id='word_1_461' title='bbox 967 3211 1031 3272; x_wconf 86' lang='lat' dir='ltr'><strong>lnd.</strong></span> <span class='ocrx_word' id='word_1_462' title='bbox 1051 3215 1091 3272; x_wconf 91' lang='lat' dir='ltr'><strong>ll.</strong></span> <span class='ocrx_word' id='word_1_463' title='bbox 1111 3217 1221 3272; x_wconf 79' lang='lat' dir='ltr'><strong>exolue-</strong></span> 
     </span>
     <span class='ocr_line' id='line_1_43' title="bbox 24 3281 1218 3374; baseline 0.013 -44"><span class='ocrx_word' id='word_1_464' title='bbox 24 3289 75 3333; x_wconf 81' lang='lat' dir='ltr'><strong>roet</strong></span> <span class='ocrx_word' id='word_1_465' title='bbox 89 3284 141 3342; x_wconf 76' lang='lat' dir='ltr'><strong>lis.</strong></span> <span class='ocrx_word' id='word_1_466' title='bbox 160 3285 234 3339; x_wconf 83' lang='lat' dir='ltr'><strong>Bud.</strong></span> <span class='ocrx_word' id='word_1_467' title='bbox 254 3293 284 3340; x_wconf 89' lang='lat' dir='ltr'><strong>et</strong></span> <span class='ocrx_word' id='word_1_468' title='bbox 302 3283 345 3341; x_wconf 77' lang='lat' dir='ltr'><strong>ed.</strong></span> <span class='ocrx_word' id='word_1_469' title='bbox 366 3283 443 3358; x_wconf 85' lang='lat' dir='ltr'><strong>Spir.</strong></span> <span class='ocrx_word' id='word_1_470' title='bbox 461 3287 640 3340; x_wconf 73' lang='lat' dir='ltr'><strong>exoleverunt</strong></span> <span class='ocrx_word' id='word_1_471' title='bbox 658 3287 735 3340; x_wconf 86' lang='lat' dir='ltr'><strong>coni.</strong></span> <span class='ocrx_word' id='word_1_472' title='bbox 754 3285 899 3338; x_wconf 83' lang='lat' dir='ltr'><strong>Heinsius.</strong></span> <span class='ocrx_word' id='word_1_473' title='bbox 936 3281 1009 3352; x_wconf 72' lang='lat' dir='ltr'><strong>„sed</strong></span> <span class='ocrx_word' id='word_1_474' title='bbox 1031 3287 1218 3374; x_wconf 71' lang='lat' dir='ltr'><strong>plusquamp.</strong></span> 
     </span>
     <span class='ocr_line' id='line_1_44' title="bbox 23 3345 1222 3428; baseline 0.005 -20"><span class='ocrx_word' id='word_1_475' title='bbox 23 3345 74 3408; x_wconf 79' lang='lat' dir='ltr'><strong>ti</strong></span> <span class='ocrx_word' id='word_1_476' title='bbox 95 3371 147 3426; x_wconf 84' lang='lat' dir='ltr'><strong>pro</strong></span> <span class='ocrx_word' id='word_1_477' title='bbox 174 3357 296 3428; x_wconf 77' lang='lat' dir='ltr'><strong>imperi.</strong></span> <span class='ocrx_word' id='word_1_478' title='bbox 322 3359 454 3428; x_wconf 87' lang='lat' dir='ltr'><strong>ponitur,</strong></span> <span class='ocrx_word' id='word_1_479' title='bbox 481 3357 511 3410; x_wconf 79' lang='lat' dir='ltr'><strong>h.</strong></span> <span class='ocrx_word' id='word_1_480' title='bbox 531 3375 556 3415; x_wconf 89' lang='lat' dir='ltr'><strong>e.</strong></span> <span class='ocrx_word' id='word_1_481' title='bbox 581 3355 694 3411; x_wconf 83' lang='lat' dir='ltr'><strong>inclioot</strong></span> <span class='ocrx_word' id='word_1_482' title='bbox 711 3356 751 3421; x_wconf 84' lang='lat' dir='ltr'><strong>id,</strong></span> <span class='ocrx_word' id='word_1_483' title='bbox 776 3355 851 3426; x_wconf 85' lang='lat' dir='ltr'><strong>qood</strong></span> <span class='ocrx_word' id='word_1_484' title='bbox 868 3362 1022 3423; x_wconf 79' lang='lat' dir='ltr'><strong>tumeret,</strong></span> <span class='ocrx_word' id='word_1_485' title='bbox 1042 3357 1142 3414; x_wconf 81' lang='lat' dir='ltr'><strong>Germ.</strong></span> <span class='ocrx_word' id='word_1_486' title='bbox 1167 3377 1222 3414; x_wconf 79' lang='lat' dir='ltr'><strong>sse</strong></span> 
     </span>
     <span class='ocr_line' id='line_1_45' title="bbox 22 3425 1220 3496; baseline 0.009 -22"><span class='ocrx_word' id='word_1_487' title='bbox 22 3439 124 3480; x_wconf 71' lang='lat' dir='ltr'><strong>waren</strong></span> <span class='ocrx_word' id='word_1_488' title='bbox 149 3446 215 3482; x_wconf 81' lang='lat' dir='ltr'><strong>eus</strong></span> <span class='ocrx_word' id='word_1_489' title='bbox 243 3428 309 3481; x_wconf 84' lang='lat' dir='ltr'><strong>der</strong></span> <span class='ocrx_word' id='word_1_490' title='bbox 341 3429 450 3487; x_wconf 81' lang='lat' dir='ltr'><strong>Modo.</strong></span> <span class='ocrx_word' id='word_1_491' title='bbox 492 3427 542 3483; x_wconf 86' lang='lat' dir='ltr'><strong>Sic</strong></span> <span class='ocrx_word' id='word_1_492' title='bbox 565 3434 703 3494; x_wconf 64' lang='lat' dir='ltr'><strong>neverat,</strong></span> <span class='ocrx_word' id='word_1_493' title='bbox 728 3425 766 3495; x_wconf 86' lang='lat' dir='ltr'><strong>(c.</strong></span> <span class='ocrx_word' id='word_1_494' title='bbox 784 3425 825 3490; x_wconf 77' lang='lat' dir='ltr'><strong>t.)</strong></span> <span class='ocrx_word' id='word_1_495' title='bbox 851 3434 1008 3496; x_wconf 81' lang='lat' dir='ltr'><strong>coeperant,</strong></span> <span class='ocrx_word' id='word_1_496' title='bbox 1032 3430 1220 3485; x_wconf 75' lang='lat' dir='ltr'><strong>meminerunt</strong></span> 
     </span>
     <span class='ocr_line' id='line_1_46' title="bbox 21 3491 1237 3627; baseline 0.005 -77"><span class='ocrx_word' id='word_1_497' title='bbox 21 3491 277 3627; x_wconf 47' lang='lat' dir='ltr'><strong>gatonem&amp;</strong></span> <span class='ocrx_word' id='word_1_498' title='bbox 314 3497 407 3557; x_wconf 79' lang='lat' dir='ltr'><strong>Aures</strong></span> <span class='ocrx_word' id='word_1_499' title='bbox 423 3507 521 3558; x_wconf 67' lang='lat' dir='ltr'><strong>umen</strong></span> <span class='ocrx_word' id='word_1_500' title='bbox 535 3499 662 3556; x_wconf 80' lang='lat' dir='ltr'><strong>offendit</strong></span> <span class='ocrx_word' id='word_1_501' title='bbox 678 3501 841 3571; x_wconf 77' lang='grc' dir='ltr'><strong><em>νακοφυνλοι</em></strong></span> <span class='ocrx_word' id='word_1_502' title='bbox 867 3499 900 3554; x_wconf 89' lang='lat' dir='ltr'><strong>in</strong></span> <span class='ocrx_word' id='word_1_503' title='bbox 916 3497 1015 3554; x_wconf 77' lang='lat' dir='ltr'><strong>verbis</strong></span> <span class='ocrx_word' id='word_1_504' title='bbox 1033 3499 1218 3571; x_wconf 75' lang='lat' dir='ltr'><strong>loceturoot,</strong></span> <span class='ocrx_word' id='word_1_505' title='bbox 1235 3530 1237 3538; x_wconf 67' lang='lat'>›</span> 
     </span>
     <span class='ocr_line' id='line_1_47' title="bbox 84 3576 1273 3625; baseline 0.002 -1"><span class='ocrx_word' id='word_1_506' title='bbox 84 3585 119 3624; x_wconf 78' lang='lat' dir='ltr'><strong>er</strong></span> <span class='ocrx_word' id='word_1_507' title='bbox 233 3576 273 3625; x_wconf 81' lang='lat' dir='ltr'><strong>ot.</strong></span> <span class='ocrx_word' id='word_1_508' title='bbox 1263 3601 1273 3614; x_wconf 91' lang='lat'><strong>·</strong></span> 
     </span>
    </p>
   </div>
   <div class='ocr_carea' id='block_1_5' title="bbox 440 3657 786 3717">
    <p class='ocr_par' dir='ltr' id='par_1_5' title="bbox 440 3657 786 3717">
     <span class='ocr_line' id='line_1_48' title="bbox 440 3657 786 3717; baseline -0.006 0"><span class='ocrx_word' id='word_1_509' title='bbox 440 3657 632 3717; x_wconf 71' lang='lat' dir='ltr'>CAPUT</span> <span class='ocrx_word' id='word_1_510' title='bbox 670 3660 786 3715; x_wconf 88' lang='lat' dir='ltr'>xx11.</span> 
     </span>
    </p>
   </div>
   <div class='ocr_carea' id='block_1_6' title="bbox 20 3765 1218 4354">
    <p class='ocr_par' dir='ltr' id='par_1_6' title="bbox 20 3765 1218 4354">
     <span class='ocr_line' id='line_1_49' title="bbox 81 3765 1217 3858; baseline 0.004 -26"><span class='ocrx_word' id='word_1_511' title='bbox 81 3767 281 3852; x_wconf 77' lang='lat' dir='ltr'><strong>intorques</strong></span> <span class='ocrx_word' id='word_1_512' title='bbox 309 3777 344 3834; x_wconf 86' lang='lat' dir='ltr'><strong>ot</strong></span> <span class='ocrx_word' id='word_1_513' title='bbox 371 3767 464 3834; x_wconf 79' lang='grc' dir='ltr'><strong><em>οὶιλυο</em></strong></span> <span class='ocrx_word' id='word_1_514' title='bbox 485 3777 628 3834; x_wconf 86' lang='lat' dir='ltr'><strong>cometes</strong></span> <span class='ocrx_word' id='word_1_515' title='bbox 650 3769 786 3848; x_wconf 84' lang='lat' dir='ltr'><strong>effulsit,</strong></span> <span class='ocrx_word' id='word_1_516' title='bbox 817 3765 859 3832; x_wconf 86' lang='lat' dir='ltr'><strong>de</strong></span> <span class='ocrx_word' id='word_1_517' title='bbox 885 3789 952 3852; x_wconf 78' lang='lat' dir='ltr'><strong>quo</strong></span> <span class='ocrx_word' id='word_1_518' title='bbox 978 3771 1072 3858; x_wconf 77' lang='lat' dir='ltr'><strong>vulgi</strong></span> <span class='ocrx_word' id='word_1_519' title='bbox 1101 3773 1217 3856; x_wconf 90' lang='lat' dir='ltr'><strong>opinio</strong></span> 
     </span>
     <span class='ocr_line' id='line_1_50' title="bbox 21 3851 1218 3939; baseline 0.002 -23"><span class='ocrx_word' id='word_1_520' title='bbox 21 3855 64 3924; x_wconf 79' lang='lat' dir='ltr'><strong>ut,</strong></span> <span class='ocrx_word' id='word_1_521' title='bbox 94 3861 149 3916; x_wconf 86' lang='lat' dir='ltr'><strong>tan</strong></span> <span class='ocrx_word' id='word_1_522' title='bbox 174 3871 253 3915; x_wconf 79' lang='lat' dir='ltr'><strong>uem</strong></span> <span class='ocrx_word' id='word_1_523' title='bbox 277 3855 496 3916; x_wconf 88' lang='lat' dir='ltr'><strong>mutationem</strong></span> <span class='ocrx_word' id='word_1_524' title='bbox 526 3854 616 3939; x_wconf 80' lang='lat' dir='ltr'><strong>regis</strong></span> <span class='ocrx_word' id='word_1_525' title='bbox 646 3851 835 3935; x_wconf 73' lang='lat' dir='ltr'><strong>portendat,</strong></span> <span class='ocrx_word' id='word_1_526' title='bbox 881 3852 992 3939; x_wconf 79' lang='lat' dir='ltr'><strong>Igitur</strong></span> <span class='ocrx_word' id='word_1_527' title='bbox 1031 3855 1125 3938; x_wconf 84' lang='lat' dir='ltr'><strong>quasi</strong></span> <span class='ocrx_word' id='word_1_528' title='bbox 1150 3857 1218 3918; x_wconf 88' lang='lat' dir='ltr'><strong>iam</strong></span> 
     </span>
     <span class='ocr_line' id='line_1_51' title="bbox 20 3923 1217 4022; baseline 0.007 -28"><span class='ocrx_word' id='word_1_529' title='bbox 20 3923 134 4012; x_wconf 80' lang='lat' dir='ltr'><strong>depulso</strong></span> <span class='ocrx_word' id='word_1_530' title='bbox 192 3955 306 4013; x_wconf 86' lang='lat' dir='ltr'><strong>erone,</strong></span> <span class='ocrx_word' id='word_1_531' title='bbox 329 3938 480 4018; x_wconf 85' lang='lat' dir='ltr'><strong>quisnam</strong></span> <span class='ocrx_word' id='word_1_532' title='bbox 501 3935 720 4022; x_wconf 76' lang='lat' dir='ltr'><strong>deligeretur,</strong></span> <span class='ocrx_word' id='word_1_533' title='bbox 742 3935 981 4016; x_wconf 80' lang='lat' dir='ltr'><strong>anquirebant3</strong></span> <span class='ocrx_word' id='word_1_534' title='bbox 1012 3945 1047 4000; x_wconf 86' lang='lat' dir='ltr'><strong>et</strong></span> <span class='ocrx_word' id='word_1_535' title='bbox 1067 3939 1217 4002; x_wconf 86' lang='lat' dir='ltr'><strong>omnium</strong></span> 
     </span>
     <span class='ocr_line' id='line_1_52' title="bbox 20 4017 1217 4101; baseline 0.005 -25"><span class='ocrx_word' id='word_1_536' title='bbox 20 4029 60 4076; x_wconf 80' lang='lat' dir='ltr'><strong>ore</strong></span> <span class='ocrx_word' id='word_1_537' title='bbox 79 4017 254 4082; x_wconf 82' lang='lat' dir='ltr'><strong>Rubellius</strong></span> <span class='ocrx_word' id='word_1_538' title='bbox 276 4019 412 4082; x_wconf 84' lang='lat' dir='ltr'><strong>Plautus</strong></span> <span class='ocrx_word' id='word_1_539' title='bbox 433 4020 632 4098; x_wconf 86' lang='lat' dir='ltr'><strong>celebratur,</strong></span> <span class='ocrx_word' id='word_1_540' title='bbox 665 4021 721 4082; x_wconf 91' lang='lat' dir='ltr'><strong>cui</strong></span> <span class='ocrx_word' id='word_1_541' title='bbox 742 4018 897 4080; x_wconf 80' lang='lat' dir='ltr'><strong>nobilitas</strong></span> <span class='ocrx_word' id='word_1_542' title='bbox 926 4035 988 4101; x_wconf 91' lang='lat' dir='ltr'><strong>per</strong></span> <span class='ocrx_word' id='word_1_543' title='bbox 1014 4027 1156 4083; x_wconf 86' lang='lat' dir='ltr'><strong>matrem</strong></span> <span class='ocrx_word' id='word_1_544' title='bbox 1176 4039 1217 4082; x_wconf 82' lang='lat' dir='ltr'><strong>ex</strong></span> 
     </span>
     <span class='ocr_line' id='line_1_53' title="bbox 20 4089 1217 4186; baseline 0.006 -26"><span class='ocrx_word' id='word_1_545' title='bbox 20 4089 80 4160; x_wconf 77' lang='lat' dir='ltr'><strong>lolia</strong></span> <span class='ocrx_word' id='word_1_546' title='bbox 100 4101 238 4166; x_wconf 75' lang='lat' dir='ltr'><strong>familia.</strong></span> <span class='ocrx_word' id='word_1_547' title='bbox 278 4101 353 4186; x_wconf 87' lang='lat' dir='ltr'><strong>Ipse</strong></span> <span class='ocrx_word' id='word_1_548' title='bbox 374 4103 496 4186; x_wconf 78' lang='lat' dir='ltr'><strong>placita</strong></span> <span class='ocrx_word' id='word_1_549' title='bbox 516 4105 682 4166; x_wconf 83' lang='lat' dir='ltr'><strong>maiorum</strong></span> <span class='ocrx_word' id='word_1_550' title='bbox 695 4101 826 4164; x_wconf 85' lang='lat' dir='ltr'><strong>colebat</strong></span> <span class='ocrx_word' id='word_1_551' title='bbox 845 4101 961 4163; x_wconf 87' lang='lat' dir='ltr'><strong>hobitu</strong></span> <span class='ocrx_word' id='word_1_552' title='bbox 974 4119 1106 4181; x_wconf 84' lang='lat' dir='ltr'><strong>severo,</strong></span> <span class='ocrx_word' id='word_1_553' title='bbox 1127 4112 1217 4167; x_wconf 84' lang='lat' dir='ltr'><strong>casto</strong></span> 
     </span>
     <span class='ocr_line' id='line_1_54' title="bbox 20 4181 1215 4270; baseline 0.008 -28"><span class='ocrx_word' id='word_1_554' title='bbox 20 4185 40 4238; x_wconf 75' lang='lat' dir='ltr'><strong>tt</strong></span> <span class='ocrx_word' id='word_1_555' title='bbox 54 4193 181 4250; x_wconf 86' lang='lat' dir='ltr'><strong>secreta</strong></span> <span class='ocrx_word' id='word_1_556' title='bbox 203 4181 313 4260; x_wconf 87' lang='lat' dir='ltr'><strong>domo,</strong></span> <span class='ocrx_word' id='word_1_557' title='bbox 394 4195 537 4270; x_wconf 82' lang='lat' dir='ltr'><strong>anteque</strong></span> <span class='ocrx_word' id='word_1_558' title='bbox 554 4192 660 4248; x_wconf 86' lang='lat' dir='ltr'><strong>metu</strong></span> <span class='ocrx_word' id='word_1_559' title='bbox 686 4184 861 4263; x_wconf 82' lang='lat' dir='ltr'><strong>occultior,</strong></span> <span class='ocrx_word' id='word_1_560' title='bbox 899 4191 993 4246; x_wconf 82' lang='lat' dir='ltr'><strong>tanto</strong></span> <span class='ocrx_word' id='word_1_561' title='bbox 1014 4185 1089 4268; x_wconf 89' lang='lat' dir='ltr'><strong>plus</strong></span> <span class='ocrx_word' id='word_1_562' title='bbox 1109 4187 1215 4251; x_wconf 82' lang='lat' dir='ltr'><strong>famae</strong></span> 
     </span>
     <span class='ocr_line' id='line_1_55' title="bbox 20 4207 1216 4354; baseline 0.003 -25"><span class='ocrx_word' id='word_1_563' title='bbox 20 4257 145 4348; x_wconf 76' lang='lat' dir='ltr'><strong>odeptns.</strong></span> <span class='ocrx_word' id='word_1_564' title='bbox 192 4268 295 4334; x_wconf 78' lang='lat' dir='ltr'><strong>Auxit</strong></span> <span class='ocrx_word' id='word_1_565' title='bbox 314 4207 486 4334; x_wconf 59' lang='lat' dir='ltr'><strong>mirum</strong></span> <span class='ocrx_word' id='word_1_566' title='bbox 506 4268 581 4354; x_wconf 77' lang='lat' dir='ltr'><strong>pari</strong></span> <span class='ocrx_word' id='word_1_567' title='bbox 601 4267 749 4334; x_wconf 79' lang='lat' dir='ltr'><strong>vanitate</strong></span> <span class='ocrx_word' id='word_1_568' title='bbox 776 4275 851 4332; x_wconf 82' lang='lat' dir='ltr'><strong>orto</strong></span> <span class='ocrx_word' id='word_1_569' title='bbox 885 4267 1123 4352; x_wconf 79' lang='lat' dir='ltr'><strong>interpretatio</strong></span> <span class='ocrx_word' id='word_1_570' title='bbox 1149 4267 1216 4332; x_wconf 85' lang='lat' dir='ltr'><strong>ful-</strong></span> 
     </span>
    </p>
   </div>
   <div class='ocr_carea' id='block_1_7' title="bbox 0 0 1404 4790">
    <p class='ocr_par' dir='ltr' id='par_1_7' title="bbox 0 0 1404 4790">
     <span class='ocr_line' id='line_1_56' title="bbox 0 0 1404 4790; baseline 0 6"><span class='ocrx_word' id='word_1_571' title='bbox 0 0 1404 4790; x_wconf 95' lang='lat' dir='ltr'><strong> </strong></span> 
     </span>
    </p>
   </div>
  </div>
 </body>
</html>
