2884 4794
193 229 236 296 81
377 288 380 303 ,
587 223 830 292 ANNALIUM
855 223 939 292 LIB.
961 223 1037 290 ΧΠ.

192 399 223 460 2,
241 398 268 453 4.
287 399 377 462 19,1.·
396 401 426 450 at
443 393 510 450 aliia
528 393 613 460 locis,
651 393 735 450 uibsu
754 391 856 448 aedom
880 391 1044 464 scripturae
1065 391 1194 448 rafiam
1213 397 1266 446 art.
1301 391 1415 448 Siliano

193 469 238 524 ad.
257 468 338 540 Spir.
364 466 482 536 Syllano
500 464 564 521 MS:
578 466 642 520 Gna
671 508 678 523 .
699 464 760 520 edd.
779 465 842 518 Pur.
861 469 887 520 1.
906 467 932 522 1.
952 466 1016 519 Ber.
1034 463 1128 522 liban.
1146 463 1212 519 Ald.
1234 463 1316 536 lips.
1337 471 1362 522 1.
1384 495 1415 506 -

192 540 364 594 insemel
382 539 442 592 olio
460 539 579 604 olorum,
599 537 651 591 Gr.
678 545 824 592 vacaturos
847 535 881 589 roi
903 538 993 590 ewa
1009 535 1150 608 λαμπρὸν,
1173 534 1254 603 Lipa.
1284 535 1333 589 Gi.
1353 537 1414 593 lnd.

194 612 247 666 111.
266 630 296 665 r.
314 611 480 664 Acamans·
498 609 651 664 adiectios'a
668 641 702 654 -
720 609 814 662 a'aoola'
830 625 909 662 mora
925 615 1075 678 poetas-oua
1092 615 1119 662 et
1139 607 1321 664 Graecam.
1356 611 1415 662 aliu

193 683 252 740 118.
272 684 335 740 Vat.
354 683 434 754 lips.
454 681 534 735 Pioh.
553 689 584 736 et
600 695 661 734 rac.
680 680 757 734 adm
775 678 853 736 1188.
873 681 970 735 Gneli.
996 680 1067 737 Bud.
1095 678 1177 734 Harl.
1206 679 1286 733 noel.
1311 681 1369 734 lea.
1388 687 1420 734 et

192 755 256 811 edd.
275 763 335 808 ret.
372 753 453 808 illud
470 754 503 806 in
520 754 578 809 MS.
598 751 678 808 Flor.
698 753 760 830 legi
782 753 854 806 dicit
881 751 962 806 Picb.
986 750 1036 806 aad
1058 760 1147 828 negat
1164 750 1256 804 Faria
1279 758 1311 804 et
1334 751 1415 804 siluit

193 827 350 881 Victorius.
362 854 396 865 -
415 825 528 894 insigni
547 823 761 894 triumphalium
779 825 844 878 scil·
861 825 1005 880 virorum.
1025 823 1071 881 cf.
1090 825 1127 878 ad
1144 841 1169 880 c.
1185 827 1230 880 41.
1248 840 1279 876 n.
1295 828 1322 878 1.
1342 831 1373 878 et
1390 830 1414 889 1,

193 901 284 963 71,1.
323 897 457 966 insignia
482 897 526 951 ed.
551 896 628 968 Spir.
653 896 845 963 munificentia
874 895 933 950 118.
963 895 1062 953 Guelf.
1088 906 1118 950 et
1141 894 1246 948 deinde
1271 895 1340 964 qaoa'
1363 913 1415 966 pro

172 969 253 1034 ἀπ’,
279 977 314 1024 ot
337 972 401 1024 iere
423 969 529 1025 ubivis.
565 995 598 1008 -
634 968 813 1037 gladiatorii
837 967 973 1033 maneria,
1008 966 1085 1038 quod
1108 966 1189 1040 plebi
1214 967 1414 1042 gratiosimum

193 1050 257 1095 erat
286 1040 494 1112 spectaculum.
521 1069 555 1082 ·-
593 1039 705 1094 inditos
734 1039 885 1106 „subiecta
920 1039 1019 1093 animo
1047 1046 1077 1093 et
1109 1045 1247 1114 suggesta
1271 1038 1306 1091 ab
1339 1038 1413 1092 aliis.

191 1112 306 1166 indicto
324 1112 472 1166 malebant
497 1111 574 1165 Mur.
593 1109 677 1167 Acid.
704 1119 734 1166 et
759 1111 841 1166 Pion.
876 1108 917 1166 At
940 1111 1103 1166 sicuritas·
1130 1107 1323 1186 tautologia.“
1347 1110 1413 1167 Era.

179 1175 334 1240 ‘Heinsius
351 1183 428 1240 coni.
451 1183 564 1238 indata.
1128 1219 1131 1225 -

651 1287 845 1365 curor
902 1307 962 1365 ιν.

274 1415 385 1504 igitur
404 1415 578 1497 Vitellius,
600 1419 734 1479 nomine
755 1415 911 1480 Censoris
933 1415 1075 1478 serviles
1096 1413 1245 1480 fallacias
1258 1414 1412 1504 obtegens

143 1513 146 1524 “
193 1499 489 1586 ingruentiumque
522 1499 788 1562 dominationum
809 1503 979 1584 provisor,
1009 1518 1073 1582 quo
1095 1499 1237 1586 gratiam
1258 1501 1288 1562 A
1332 1501 1412 1584 ippi·

192 1604 255 1646 nae
276 1592 424 1666 pararet,
446 1585 595 1647 consiliis
617 1587 690 1646 eius
712 1585 891 1666 implicari,
911 1603 1025 1646 serere
1046 1583 1187 1644 crimina
1208 1585 1242 1644 in
1254 1581 1291 1647 Si
1306 1603 1411 1660 anum,

192 1669 249 1728 cui
271 1687 350 1729 sane
371 1665 504 1735 decora¹
526 1673 560 1730 et
582 1687 704 1749 procax
726 1685 835 1746 soror,
863 1667 959 1728 Iunia
980 1664 1128 1744 Calvina,
1164 1664 1255 1728 haud
1275 1669 1412 1728 multum

193 1759 270 1812 aute
285 1748 417 1812 Vitellii
438 1770 544 1812 nurus
565 1753 687 1812 iuerat.
730 1750 821 1812 Hinc
841 1752 977 1813 initium
998 1749 1236 1813 accusationis:
1258 1753 1410 1813 iratrum-

214 1853 257 1894 ue
278 1852 345 1895 uon
367 1835 542 1912 incestum,
563 1833 621 1896 sed
634 1831 874 1898 incustoditum
892 1853 1041 1895 amorem
1055 1831 1098 1894 ad
1118 1835 1290 1894 infamiam
1303 1835 1409 1896 traxit.

192 1854 237 1978 11
256 1916 438 1999 praebebat
459 1913 580 1978 Caesar
601 1935 699 1980 aures
721 1915 921 2000 accipiendis
944 1915 1106 1980 adversus
1127 1934 1289 2001 generum
1311 1918 1410 1998 suspi-

193 1999 347 2063 cionibus
386 1999 528 2061 ca'ritate
562 1999 653 2062 filiae
688 2004 889 2083 promptior.
952 1999 998 2062 At
1035 1983 1180 2075 Silanus,
1217 1999 1410 2062 insidiarum

193 2083 324 2144 nescius
345 2084 493 2144 aeserta
515 2101 553 2143 eo
575 2101 662 2143 anno
684 2090 834 2164 praetor,
863 2091 1002 2162 repente
1030 2100 1092 2164 per
1114 2081 1260 2144 edictum
1282 2083 1410 2144 Vitellii

189 2164 314 2228 ordine
331 2168 500 2227 senatorio
514 2173 683 2242 moretur,
705 2185 890 2250 quanquam
912 2167 998 2227 lecto
1014 2163 1146 2249 pridem
1161 2172 1279 2229 senatu
1293 2167 1409 2228 lustro-

193 2267 257 2330 que
278 2247 425 2311 oondito.
468 2247 577 2310 Simul
607 2248 808 2311 affinitatem
836 2247 994 2312 Claudius
1023 2246 1179 2324 diremit3
1218 2247 1410 2332 adactusque

193 2331 327 2392 Silanus
361 2333 495 2393 eiurare
527 2333 774 2418 magistratum,
812 2339 848 2394 el
881 2331 1033 2416 reliquus
1060 2341 1241 2414 praeturae
1279 2331 1349 2394 dies
1379 2333 1409 2392 in

192 2414 334 2498 Eprium
354 2413 557 2477 Marcellum
578 2416 717 2478 collatus
739 2423 800 2484 est.

265 2551 291 2606 1.
319 2549 351 2603 Ia
373 2547 511 2604 Vitellius
534 2549 645 2606 nomine
668 2551 805 2620 censoria,
837 2553 877 2605 ci.
902 2551 938 2606 ad
957 2568 982 2605 c.
1002 2551 1028 2607 ὅ.
1050 2557 1125 2604 extr.
1154 2557 1184 2604 et
1206 2549 1272 2608 Iud.
1291 2547 1316 2607 1.
1336 2568 1363 2604 v.
1379 2547 1407 2603 t.

196 2620 346 2689 Vitellius,
364 2621 554 2690 Imperatoria
570 2630 662 2692 pater.
682 2657 713 2670 -
752 2623 903 2691 fallacius:
934 2641 1019 2690 „nam
1037 2621 1217 2676 adulationes
1236 2623 1362 2676 maxime
1379 2621 1409 2674 ad

192 2693 356 2752 fallendum
377 2701 523 2778 spectant3
541 2694 616 2780 pnde
634 2712 694 2750 non
713 2711 784 2767 opus
804 2702 850 2748 est
874 2692 1076 2748 emendatione
1094 2693 1189 2766 Lipsii
1207 2693 1356 2764 pellaciae,
1379 2693 1408 2745 de

192 2767 720 2903 tit-?ltttettteltieitl
736 2763 1409 2903 tibilttli²⁹12⁵0⁵⁹t3a¹llisitt¹³⁰

192 2909 243 2963 nio
262 2909 294 2961 in
312 2907 455 2964 adulando
484 2926 513 2966 v.
538 2908 574 2962 ad
601 2927 663 2982 cap.
682 2912 708 2967 ὅ.
733 2927 764 2961 ιι.
782 2912 809 2966 i·
835 2909 871 2962 ad
889 2910 916 2975 6,
941 2911 986 2965 di.
1006 2911 1051 2974 lt,
1075 2910 1121 2966 49.
1150 2907 1188 2960 Η.
1214 2911 1238 2974 l,
1263 2911 1353 2974 622
1386 2910 1407 2960 1.

123 3009 131 3024 ·
194 2977 275 3034 Suet.
294 2979 355 3033 vtt.
374 2983 400 3036 2
420 2981 448 3035 3.
470 3011 502 3023 -
536 2980 680 3050 provisor,
700 2980 892 3051 prospiciens,
910 2985 945 3032 ut
963 2997 1007 3050 ap.
1029 2979 1131 3034 Horat.
1151 2977 1184 3033 Α.
1203 2978 1235 3033 Ρ.
1254 2998 1283 3036 r.
1305 2981 1364 3035 161.
1383 2985 1420 3030 ct'

149 3057 152 3066 '
193 3051 226 3105 in
243 3052 292 3104 tit.
311 3051 401 3105 inscr.
421 3049 556 3108 Gruteri.
576 3085 609 3095 -
645 3067 740 3105 cerere
759 3051 883 3104 crimina
901 3051 933 3104 in
950 3051 1080 3104 Silanum
1101 3059 1156 3107 cet.
1176 3053 1213 3109 ef.
1226 3049 1306 3106 Suet.
1318 3049 1406 3104 Claud.

193 3140 219 3179 c.
239 3125 283 3180 19.
303 3125 349 3180 37.
385 3139 480 3176 cerere
498 3122 558 3178 MS.
575 3124 642 3177 vat.
664 3125 743 3180 1958.
762 3142 779 3176 a
796 3141 837 3176 m.
857 3139 913 3178 sec.
934 3122 998 3177 edd.
1017 3123 1081 3180 Put.
1102 3127 1128 3178 1.
1146 3125 1173 3180 2.
1193 3123 1257 3179 Ber.
1277 3121 1367 3176 Rhen.
1384 3123 1406 3174 l.

193 3193 280 3250 Beru.
301 3193 394 3248 Gron.
414 3203 444 3249 et
461 3211 520 3249 rec.
558 3193 607 3249 Sic
625 3195 667 3253 11.
687 3199 714 3262 1,
733 3197 785 3261 88,
803 3203 833 3247 et
850 3195 936 3265 plane
960 3208 1005 3266 ap.
1027 3194 1089 3248 biv.
1109 3197 1155 3261 24,
1174 3193 1212 3250 29
1229 3201 1304 3251 extr.
1340 3195 1407 3262 ferre

186 3263 270 3319 MSS.
292 3263 375 3319 Ποῖ.
397 3267 461 3323 Vat.
487 3269 566 3323 1958.
593 3286 610 3320 a
627 3286 665 3322 m.
685 3285 731 3339 pr.
759 3265 858 3321 Guelf.
884 3265 955 3322 Bud.
986 3265 1049 3320 edd.
1075 3264 1154 3337 Spir.
1178 3263 1271 3323 Rhen.
1295 3267 1322 3320 1.
1339 3269 1362 3320 9.
1382 3269 1408 3316 et

193 3343 250 3393 cet.
286 3335 348 3402 „ld
374 3337 527 3392 commode
553 3338 684 3415 intelligi
708 3345 805 3409 potest
833 3337 867 3391 de
893 3335 1016 3391 Vitellio
1042 3338 1202 3390 criminum
1228 3337 1260 3390 in
1287 3335 1406 3391 Silanum

187 3407 269 3480 'apud
288 3407 442 3461 Claudium
461 3410 585 3476 nuntio;
615 3428 682 3463 nam
706 3425 775 3462 mox
798 3406 907 3463 Noster
930 3407 1049 3484 pergit.-
1077 3413 1104 3462 et
1130 3410 1285 3478 praebebat
1309 3409 1407 3461 Caesar

193 3495 286 3532 aures.
322 3481 381 3532 Vix
399 3479 538 3548 abstineo,
558 3481 630 3552 quin
648 3485 797 3552 reponant.
833 3477 917 3533 Haud
941 3480 1040 3551 inepte
1067 3495 1138 3535 vero
1166 3480 1247 3534 cuiae
1272 3494 1339 3532 aune
1364 3478 1420 3530 ‹ie-¹

192 3559 264 3604 cord
281 3549 324 3605 ed.
345 3547 423 3622 Spir.
460 3551 535 3605 Nam
553 3551 601 3605 cui
617 3551 729 3622 aliquid
748 3549 841 3605 scabri
858 3549 946 3606 babet
964 3553 999 3606 ob
1017 3551 1137 3606 verbum
1155 3549 1290 3618 merulfi
1309 3545 1406 3604 Wottt.

192 3654 227 3666 -
247 3622 350 3676 decoro
367 3627 396 3676 et
414 3621 489 3691 (sed)
513 3639 631 3691 procax,
663 3622 969 3688 cf.a‹11,13,2.—
1007 3623 1094 3676 lunio
1113 3623 1245 3690 Calvina,
1281 3637 1362 3677 soror
1376 3619 1404 3676 b.

155 3706 160 3727 t
192 3693 270 3748 lunii
290 3693 392 3760 Silani,
411 3694 463 3766 qui
481 3692 606 3766 abnepos
624 3693 750 3772 Augusti
767 3696 835 3747 fnit.
856 3693 902 3748 Of.
922 3701 947 3749 c.
966 3695 992 3750 8.
1012 3698 1057 3760 14,
1076 3691 1119 3752 12.
1140 3703 1169 3749 et
1188 3695 1267 3750 Suet.
1283 3693 1337 3748 Vos
1358 3729 1365 3744 .
1383 3709 1420 3744 o.¹

188 3769 238 3823 93.
257 3765 308 3818 ubi
326 3782 481 3836 perperam
500 3767 589 3820 scribi
607 3765 714 3820 lulium
731 3767 847 3820 monuit
874 3765 915 3818 ibi
934 3765 1061 3822 nudent.
1082 3773 1112 3821 et
1129 3766 1184 3822 inf.
1204 3767 1239 3819 ad
1258 3781 1284 3819 c.
1302 3769 1326 3822 8.
1338 3711 1405 3832 iap-

192 3837 261 3890 sius.
298 3835 420 3891 Galoina
437 3835 498 3898 MS.
517 3837 598 3892 Flor.
618 3845 685 3892 test.
706 3837 807 3892 Furia.
828 3865 861 3876 -
898 3835 976 3890 duod
1001 3837 1120 3890 multam
1143 3843 1210 3891 ante
1232 3837 1344 3893 Vitellii
1360 3851 1405 3887 nu-

191 3925 242 3962 rus
260 3910 373 3976 fuerat.-
392 3909 473 3977 „scil
494 3909 582 3964 alteri
600 3909 733 3964 filiorum
751 3911 814 3964 eius
832 3917 934 3980 nupta,
955 3910 987 3965 L.
1007 3909 1141 3974 Vitellio,
1161 3911 1218 3980 qni·
1231 3909 1331 3962 consul
1348 3903 1405 3960 suff.

190 3978 248 4035 hoc
271 3997 356 4048 anuo,
381 3997 441 4035 non
459 3979 544 4048 Aulo,
572 3981 623 4052 qni
645 3990 747 4054 postea
770 3983 943 4053 impet-avita
980 3979 1059 4052 quod
1082 3977 1153 4035 colli
1175 3997 1205 4034 as
1230 3997 1268 4036 ex
1295 3978 1420 4050 silentio

192 4051 336 4117 Suetonii,
355 4054 407 4124 qui
425 4054 503 4108 coni.
523 4054 555 4106 in
571 4053 630 4107 Vit.
652 4071 677 4107 c.
697 4051 744 4110 3.“
762 4053 900 4123 11901-
938 4054 1127 4122 fremituque,
1203 4051 1260 4105 tris
1288 4059 1316 4106 et
1335 4065 1405 4104 soro·

190 4125 246 4189 ris,
265 4125 296 4177 12.
315 4124 394 4177 lunii
413 4123 507 4179 Silani
525 4131 555 4178 et
572 4125 674 4180 Iuniae
693 4123 847 4178 Calvinae·
860 4143 891 4178 v.
909 4123 947 4177 ad
964 4127 991 4190 2,
1011 4127 1055 4190 5⁷,
1076 4129 1103 4180 1.
1140 4125 1317 4194 fratrumque
1333 4117 1403 4174 MSS.

191 4198 257 4249 vat.
276 4196 370 4268 lipsii
388 4203 418 4251 et
435 4195 475 4249 lie
499 4233 507 4249 .
527 4195 590 4250 edd.
609 4195 687 4267 Spir.
708 4193 787 4253 Picis.
808 4213 841 4268 sq
864 4237 870 4252 .
894 4197 1071 4266 fratremque
1081 4193 1148 4249 118.
1166 4193 1239 4248 lind.
1258 4193 1404 4262 peraeque

192 4267 272 4322 11188.
293 4265 390 4324 Guaii.
410 4275 440 4322 at
456 4215 593 4354 pieriqne
611 4265 749 4332 antara,
768 4267 831 4324 edd.
843 4213 912 4322 d’ut.
934 4273 960 4324 1.
980 4271 1006 4324 2
1026 4267 1091 4322 Ber.
1111 4275 1167 4321 cet.
1204 4269 1420 4334 fraternamque,

97 4345 110 4414 ζ
193 4339 250 4396 MS.
269 4339 342 4418 Agr.
381 4339 458 4411 Quae
484 4339 645 4396 temonem
668 4340 798 4414 nariam
822 4345 887 4394 orta
911 4355 928 4396 e
951 4351 1048 4410 consp.
1075 4340 1177 4410 script.
1195 4340 1311 4410 finique,
1334 4331 1403 4405 quod
