2854 4798
185 259 275 328 1321
512 313 515 324 .
577 239 1037 320 enumeremus.

103 455 107 462 ·
182 423 300 550 pppulis
325 421 475 490 immisti,¹
494 391 541 478 ex⁴
557 437 615 495 quo
634 437 731 476 nonen
779 419 912 548 ”ipim
936 419 1045 476 babere
1071 419 1238 488 desierunt3
1276 419 1342 474 Eris
1371 429 1398 476 et

242 495 292 554 ltb.
312 493 357 552 Gi.
375 493 447 562 adt,
464 497 545 561 tm.
565 493 715 560 menon
769 493 795 550 d.
849 510 894 564 ps.
915 500 944 546 et
962 493 1020 546 ric.
1039 491 1182 558 sesamon·
1198 491 1332 564 edSpis.
1350 491 1401 562 Sy*

180 566 283 622 canore·
300 565 363 620 edd.
382 568 446 624 Put.
466 572 490 622 l.
509 571 536 626 t.
555 575 586 621 et
603 573 658 620 cet.
677 573 745 620 ante
762 566 843 636 lips.
870 563 1006 619 Sicambri
1022 563 1079 622 MS.
1099 562 1197 622 Guelf.
1217 561 1284 618 Scri
1307 560 1401 618 turarn'

180 638 328 706 Sugambri
350 635 483 694 defendit
506 638 623 710 Lipsius
649 644 709 694 ant.
735 637 829 692 Lectt.
849 639 875 704 1,
904 638 930 691 (i.
957 634 1107 704 Sysasers'
1132 633 1234 690 Heins.
1259 652 1277 688 a
1320 636 1396 692 ovid

181 709 245 764 Ain.
266 714 291 775 1,
320 713 363 776 lt,
382 713 427 768 ii.
463 708 604 776 segestri
621 711 649 774 (a
667 707 742 772 Sigo
759 707 862 770 fluvio)
880 707 962 762 Altin
986 745 991 757 .
1011 707 1042 760 in
1061 708 1146 760 notit.
1159 705 1260 762 Germ.
1280 707 1335 758 inf.
1355 707 1396 764 Gi.

92 815 94 823 ,
183 783 219 838 ao
235 783 354 849 seem.
374 771 455 834 :u
472 782 502 834 es
521 781 632 835 Gallias
649 778 725 832 uss.
746 789 776 835 et
794 775 857 834 edo.
875 785 932 833 ves
974 777 1009 832 eo
1027 783 1074 832 aus
1091 777 1242 832 secatum
1250 777 1307 831 us.
1321 778 1395 832 ser.

182 853 268 920 (teste
285 855 310 908 1.
329 853 421 910 Gron.
440 867 500 906 non
517 852 596 920 iliis)
615 851 658 906 ed.
677 850 769 905 Bekk.
794 857 820 903 et
846 850 877 903 in
896 849 1007 904 Gallias
1031 848 1094 904 edd.
1113 848 1191 921 Lips.
1219 857 1250 904 et
1268 849 1348 905 sliee.
1368 881 1396 892 -

181 926 236 979 etsi
253 940 305 978 non
321 926 451 994 praetium
469 924 583 996 scripsi,
601 932 635 977 nt
652 930 682 1006 et
698 923 789 979 Belk
809 921 882 980 ltin.
902 919 1008 979 Kiessl.
1034 921 1104 976 etsi
1121 935 1173 974 non
1189 937 1233 990 pr.
1263 919 1326 975 edd
1346 927 1396 974 eet.

182 995 258 1052 Dein
273 1003 321 1051 ost
338 1002 411 1052 certe
428 997 523 1051 betium
541 1002 726 1064 assumpsisset
745 994 789 1053 ed
809 992 887 1065 Spir.

640 1148 832 1206 CAPUT
876 1148 945 1204 xl..

266 1258 313 1320 At
333 1253 466 1336 Caesar,
488 1257 623 1346 cognite
644 1266 753 1320 morte
774 1257 888 1343 legati,
917 1276 960 1320 ne
981 1256 1156 1340 provincie
1177 1255 1251 1318 sine
1271 1261 1395 1318 rectore

182 1345 281 1416 foret,
313 1339 351 1404 l.
375 1338 512 1402 Didium
539 1343 680 1405 suffecit.
723 1340 756 1402 Is
784 1359 928 1424 propere
955 1349 1073 1403 vectus
1093 1361 1161 1403 non
1182 1348 1296 1402 tamen
1316 1339 1392 1400 inte-

208 1445 260 1488 res
281 1444 335 1487 res
357 1425 498 1502 invenit,
532 1421 674 1486 adversa
701 1423 838 1486 interim
860 1424 1003 1509 legionis
1024 1443 1146 1510 pugna,
1169 1423 1236 1501 ‚cui
1257 1420 1394 1485 Manlius

115 1561 117 1570 .
215 1509 306 1571 aleus
334 1513 501 1590 praeerat,
533 1515 696 1590 auctaque
727 1513 762 1568 et
787 1504 877 1589 apud
906 1505 1020 1570 hostes
1041 1508 1111 1570 eius
1133 1507 1186 1569 rei
1208 1509 1305 1576 fama,
1336 1525 1393 1586 quo

172 1593 371 1655 ¹uenientem
405 1588 524 1652 ducem
555 1597 778 1668 exterrerent,
809 1597 910 1672 etque
944 1590 1003 1670 illo
1017 1599 1177 1690 ‹eugente
1197 1575 1331 1663 'audita
1360 1595 1393 1647 ut

181 1675 289 1737 maior
316 1673 387 1735 laus
414 1673 590 1756 compositi
611 1672 676 1751 vel,
709 1674 739 1733 ei
760 1671 985 1751 duravissent,
1017 1693 1115 1736 venre
1130 1672 1260 1734 iustior
1280 1672 1395 1732 tribue·

181 1765 289 1820 retur.
332 1753 464 1820 Silures
494 1754 528 1817 id
551 1775 686 1840 quoque
707 1753 865 1818 damnum
886 1756 1086 1834 intulerant,
1120 1756 1254 1836 lateque
1275 1753 1393 1836 persul-

133 1912 138 1920 ,
180 1840 307 1920 tabant,
334 1836 441 1901 donec
461 1857 601 1900 accursu
622 1837 717 1901 Didii
740 1838 958 1921 pellerentur.
1002 1837 1069 1901 Sed
1089 1846 1165 1922 post
1187 1855 1226 1900 ea
1251 1845 1320 1900 tum
1341 1833 1393 1896 ea-

179 1931 350 1987 ractncum
370 1923 571 2005 praecipuus
593 1923 732 1984 seientia
753 1923 805 1984 rei
826 1923 980 1984 militaris
1002 1921 1172 1984 Venutius
1191 1939 1211 1983 e
1227 1857 1393 2005 dugantum

179 2008 329 2086 civitate,
361 2012 401 2066 ut
430 2024 531 2085 supra
563 2005 762 2083 memoravi,
795 2003 946 2088 fidusque
973 2002 1032 2066 diu
1063 2013 1098 2066 et
1118 2003 1275 2068 Romanis
1302 2005 1393 2063 ermis

181 2089 347 2166 defensus,
380 2106 481 2170 quum
510 2083 798 2150 Cartismanduam
828 2089 981 2176 reginem
1010 2089 1228 2151 matrimonio
1258 2092 1393 2148 teneret:

180 2192 269 2251 mox,
298 2177 375 2234 orto
393 2167 536 2233 discidio
559 2179 594 2232 et
614 2172 728 2234 statim
747 2169 849 2249 bello,
878 2172 980 2232 etiem
1002 2169 1163 2233 adversus
1185 2189 1248 2232 nos
1270 2167 1392 2232 hostilis

179 2254 347 2317 indueret
390 2250 457 2315 Sed
478 2253 589 2336 primo
610 2261 741 2316 tentum
762 2255 854 2316 inter
874 2255 964 2336 ipsos
985 2253 1190 2332 certabatur,
1213 2249 1393 2333 callidisque

181 2333 438 2400 Cartismsudua
457 2335 589 2412 artibus
610 2339 748 2398 fratrem
771 2356 810 2399 sc
830 2337 1036 2420 propinquos
1050 2337 1193 2400 Venutii
1215 2335 1390 2416 intercepit.

89 2414 92 2424 ’
182 2418 264 2483 lndc
285 2420 413 2482 accensi
434 2416 559 2496 hostes,
592 2420 785 2482 stimulante
806 2421 1002 2508 ignominie,
1034 2439 1076 2482 ne
1096 2421 1242 2482 feminae
1262 2418 1401 2498 imperio*

182 2501 417 2566 subderentur.
473 2500 593 2564 Valide
621 2508 655 2568 et
683 2503 769 2566 lecta
795 2504 898 2565 armis
918 2505 1076 2566 iuventus
1098 2523 1241 2590 regnum
1263 2503 1331 2566 eius
1349 2499 1390 2558 in-

181 2585 319 2651 vadunt.
373 2579 470 2650 Quod
504 2583 599 2646 nobis
635 2587 848 2668 praevisum
882 2593 916 2648 et
946 2587 1065 2649 missae
1093 2587 1218 2648 auxilio
1251 2584 1391 2646 cohortes

181 2689 259 2734 ecre
291 2667 457 2753 proelium
484 2670 606 2748 iecere,
637 2670 733 2732 cuius
761 2670 861 2730 initio
888 2669 1046 2756 ambiguo
1077 2668 1153 2730 finis
1182 2669 1302 2732 laetior
1327 2666 1389 2726 luit

182 2753 299 2836 Neque
328 2749 456 2834 dispari
484 2759 608 2814 eventu
630 2756 814 2836 pugnatum
835 2770 855 2812 a
876 2751 1017 2838 legione,
1047 2754 1105 2814 oui
1126 2749 1263 2815 Caesius
1284 2747 1401 2812 Nasica

183 2841 350 2920 praeerat.
395 2834 482 2896 Nam
504 2831 637 2912 Didius,
671 2841 842 2896 senectute
893 2837 984 2897 ravis
1007 2845 1042 2897 et
1061 2836 1166 2897 multe
1185 2835 1282 2917 copia
1301 2832 1390 2893 hono-

184 2939 271 3001 rum,
293 2937 356 2998 per
376 2916 550 2980 ministros
571 2935 672 3004 egere
694 2924 856 2981 etsrcere
869 2855 1092 2981 iostemsstis
1107 2918 1259 2982 habebat
1300 2913 1389 2986 Haec,

177 3019 371 3085 ,quenquam
404 3019 425 3061 a
453 2997 583 3062 dnobus
614 2998 749 3061 Ostorio
772 2999 948 3082 'Didioque
980 3000 1260 3084 propraetoribus
1291 2996 1389 3080 plures

103 3082 107 3089 ’
185 3105 248 3169 per
276 3101 379 3146 annos
407 3091 511 3226 qesta,
544 3083 712 3162 coniunxi,
746 3101 788 3144 ne
815 3080 921 3145 divise
952 3083 1040 3146 haud
1062 3082 1203 3166 perinde
1225 3082 1266 3146 sd
1285 3097 1390 3142 memo-

187 3171 274 3232 riam
296 3167 350 3228 sui
378 3185 418 3230 va
432 3172 538 3230 erent.
579 3164 632 3228 Ad
653 3173 844 3248 temporum
865 3163 1019 3230 ordinem
1041 3165 1154 3234 redeo.

257 3289 282 3341 1.
301 3282 498 3352 nepessinus
514 3282 598 3337 som.
617 3283 649 3336 sn
668 3282 829 3338 usensis.
855 3283 901 3344 cf.
921 3283 957 3337 so
975 3282 1045 3360 lgr.
1066 3287 1109 3340 1o.
1129 3303 1159 3338 n.
1181 3290 1206 3341 1.
1235 3316 1269 3328 -
1285 3267 1327 3335 i.
1345 3275 1390 3332 us·-

186 3358 265 3416 dium
282 3355 394 3422 suffecit
411 3354 534 3410 Ostorio.
554 3373 584 3408 r.
604 3354 640 3408 sd
657 3373 682 3410 c.
703 3358 745 3413 15.
764 3373 793 3408 n.
813 3359 839 3412 1.
860 3363 890 3410 et
908 3354 945 3409 ed
962 3355 1033 3432 Agr.
1054 3359 1096 3413 14.
1116 3375 1144 3410 n.
1163 3361 1190 3414 3.
1220 3387 1253 3400 -
1274 3365 1389 3424 propere:

187 3432 219 3485 in
237 3425 294 3483 lus.
313 3426 516 3494 (tuelepreps
535 3425 642 3480 omisso
662 3426 827 3498 compendii
847 3428 941 3504 signo,
960 3436 989 3481 et
1007 3424 1075 3480 dein
1093 3445 1141 3482 res
1160 3429 1289 3498 integros
1310 3424 1339 3478 in
1354 3419 1389 3475 ed.

187 3500 274 3574 Spir.
287 3527 318 3537 -
338 3499 453 3552 aduerso
471 3496 585 3551 interim
603 3497 728 3565 legionis
743 3513 854 3567 pugno,
873 3507 907 3553 ut
925 3516 950 3552 c.
970 3501 1016 3556 39.
1035 3499 1153 3568 ignaris
1171 3500 1287 3554 ducibus
1304 3503 1330 3548 et
1341 3493 1387 3544 loe·

188 3576 227 3635 tis
244 3570 377 3626 tontibus.
397 3569 441 3626 Gi.
462 3569 527 3624 lnd.
548 3567 602 3626 111.
621 3587 650 3622 v.
670 3569 817 3624 Adiectioo
843 3570 877 3623 in
900 3575 979 3624 sexto
1001 3585 1069 3623 casu
1094 3571 1221 3627 absolute
1242 3567 1339 3640 posita.
1361 3593 1387 3605 -

187 3644 319 3702 Montius
340 3642 454 3706 Valens,
474 3643 512 3694 cf.
533 3639 569 3692 H.
589 3643 616 3705 l,
636 3642 681 3696 ol.
701 3641 825 3694 Mattius
842 3640 900 3695 MS.
920 3642 988 3719 lieg.
1007 3643 1133 3697 Mattius
1157 3642 1202 3697 ed.
1228 3642 1302 3714 Spir.
1334 3637 1388 3688 Post

185 3721 316 3790 praeessu
332 3713 459 3767 maxims
478 3709 629 3765 distinctio
646 3711 792 3782 posituim
811 3712 943 3767 omnibus
961 3731 1051 3782 paene
1069 3714 1167 3780 libris,
1186 3715 1235 3768 sed
1253 3719 1327 3767 recte
1344 3705 1387 3759 mi·

188 3807 245 3846 nor
261 3788 294 3842 ab
307 3784 388 3841 Acid.
399 3785 455 3838 lsc.
467 3781 557 3838 Gron.
578 3781 732 3840 ethlth‘.
751 3784 786 3837 'ut
802 3784 832 3838 h.
846 3783 868 3837 1.
888 3786 948 3838 sint
966 3792 1025 3840 tres
1043 3785 1174 3840 Ablstivi
1192 3783 1314 3840 absoluti
1328 3781 1387 3834 bene

187 3859 377 3937 procedentes
403 3863 432 3910 et
455 3853 574 3908 Tacitus
597 3870 657 3908 non
684 3855 784 3926 inepte
808 3855 919 3911 dixerit
940 3860 1047 3927 atque
1070 3857 1084 3910 i
1091 3857 1141 3910 llo
1164 3861 1313 3926 augente
1333 3865 1387 3901 att·

189 3933 273 3991 dito.
311 3929 366 3982 Pro
391 3928 444 3982 iilo
463 3925 662 3994 nugenteErn.
682 3929 757 3979 coni.
777 3926 887 3996 ipseo.
906 3961 939 3972 -
951 3933 981 3980 stt
998 3927 1090 3982 maior
1108 3929 1182 3998 iaus,
1199 3927 1301 3983 maiori
1311 3917 1386 3982 leodis

189 4001 362 4133 tuit..
369 3997 491 4125 litii.
498 3999 578 4122 ⁰133
595 3996 948 4131 streitruit
965 4003 1183 4127 mess
1200 4000 1267 4127 stt
1292 3997 1387 4127 sut

118 4189 122 4208 .
187 4151 241 4207 siti
267 4163 349 4203 more
371 4141 468 4197 Taciti
494 4141 622 4212 positum
644 4155 699 4210 pro
723 4111 924 4196 subst'sbstr.
952 4143 1129 4212 compositio,
1155 4141 1320 4215 pscidcstio.
1347 4133 1384 4187 Of·

96 4233 101 4240 “
188 4222 223 4278 sd
241 4227 268 4287 1,
287 4215 360 4285 8,’7.
379 4219 406 4282 l,
424 4215 471 4276 69,
491 4218 515 4268 l.
541 4219 572 4268 et
594 4213 673 4282 inpr.
700 4211 763 4266 Iud.
783 4212 837 4267 111.
868 4233 899 4268 r.
924 4213 1085 4283 Participia
1110 4216 1188 4282 Peri.
1215 4209 1319 4286 pases'ot‘
1341 4218 1385 4273 pro

187 4289 375 4351 substantivis
392 4283 545 4341 stsuaesis
562 4301 591 4354 p.
610 4284 673 4340 829.
699 4284 849 4352 compositi
872 4297 971 4340 omnes
989 4285 1068 4340 MSS·
1095 4295 1125 4344 et
1149 4287 1214 4343 edd.
1238 4291 1300 4340 ants
1315 4273 1382 4331 Pieh.

186 4365 355 4438 compositis
369 4361 431 4420 edd.
450 4354 530 4412 Picis.
550 4361 580 4411 et
597 4371 655 4412 rec·
670 4371 692 4430 ¹o
710 4355 787 4413 coni.
806 4357 910 4428 Lipsii,
929 4365 963 4412 ut
982 4375 1080 4414 sensus
1099 4359 1156 4416 sit:
1183 4365 1215 4416 us
1229 4354 1316 4414 maior
1331 4349 1384 4402 tout
